2984 4750
696 256 886 332 „73-

241 425 421 507 cumdau’,
443 423 488 492 iis
509 421 586 511 ipse
612 421 743 491 similis
765 421 845 491 lieri
866 422 1004 491 voluit:
1028 432 1138 511 atque
1161 424 1252 494 adeo
1276 444 1350 494 uon

241 563 363 614 servos
380 562 422 610 en
443 538 672 609 humanitate
698 539 814 627 ejicit,
837 546 876 607 ut
906 557 968 607 eos
995 548 1124 607 contra
1147 559 1222 609 suae
1245 542 1350 629 quasi

242 659 446 729 divinitatis
462 657 658 747 participes
673 655 818 725 efficiat.
847 686 858 715 «
874 654 970 725 Nom
986 656 1159 743 quidquid
1174 653 1347 743 feceritis,

241 806 253 835 ι
276 775 348 856 ait,
368 773 555 862 unicuique
577 791 624 840 aa
643 769 776 858 infimis
801 767 972 859 fratribus
994 770 1098 852 meis,
1122 770 1162 837 id
1187 768 1278 838 milri
1295 768 1351 858 se-

242 922 254 951 .
276 889 374 959 cistis
390 886 458 982 (1).
482 918 495 949 »
521 884 579 956 Sic
597 894 634 953 ot
654 885 789 955 Paulus
814 894 956 974 postea,
978 884 1234 973 Apostolorum
1254 884 1351 974 priu-

240 1022 339 1094 ceps,
368 1003 413 1071 ad
445 1000 591 1071 Galatas
613 998 797 1071 scribebat
819 1021 826 1067 :
856 999 985 1070 «1111ιί
1001 1017 1063 1068 nec
1083 999 1233 1068 Jnaoeus
1257 1001 1351 1088 quis*

241 1149 254 1181 »
275 1137 379 1207 quam
392 1127 456 1198 est,
480 1136 540 1186 nec
556 1116 724 1197 Groecos;
739 1134 809 1181 noa
822 1124 1018 1196 astrorum,
1033 1134 1139 1203 raeque
1153 1114 1262 1197 libem
1281 1135 1351 1182 non

243 1263 255 1294 »
278 1242 327 1301 est
348 1233 404 1300 uir
425 1250 531 1319 neque
551 1226 721 1320 sumtum·
744 1249 861 1298 amnes
883 1231 976 1297 euim
998 1250 1055 1299 uos
1074 1250 1183 1300 onom
1204 1233 1287 1300 estis
1310 1233 1349 1299 in

246 1380 258 1410 »
277 1346 419 1419 Christo
434 1345 521 1414 Jesu
539 1343 623 1439 (lll,
641 1344 703 1438 28)
728 1343 797 1439 (2).
819 1375 831 1405 »
863 1343 957 1414 Tum
975 1363 1059 1414 vera
1078 1345 1228 1415 demum
1247 1346 1352 1415 resti-

242 1461 358 1533 tuitur
369 1461 483 1531 totius
498 1460 642 1548 generis
661 1458 909 1529 humanicum
927 1468 1077 1547 parente
1095 1460 1265 1531 omnium
1277 1460 1351 1530 Deo

240 1577 395 1648 societas
415 1595 458 1646 ac
478 1576 777 1663 consanguinitas
801 1598 810 1646 ς
835 1593 877 1643 ac
895 1575 1043 1643 tandem
1057 1574 1096 1643 in
1111 1595 1259 1645 morum
1273 1576 1352 1646 dis-³

239 1691 414 1782 ciplinam
430 1690 553 1760 divina
568 1710 631 1773 ea,
648 1691 728 1759 sine
742 1709 815 1778 qua
828 1689 948 1758 omnis
961 1688 1076 1759 virtus
1089 1690 1226 1760 sterilis
1238 1700 1352 1780 atque

240 1804 370 1893 ignava
379 1804 519 1893 jaceat,
536 1800 994 1871 introduciturhominmn
1013 1802 1165 1871 Caritas.
1184 1801 1252 1872 Sed
1272 1804 1352 1872 naec

241 1921 431 1990 hactenus.

289 2033 397 2121 Quod
412 2034 444 2104 si
469 2033 646 2124 denique,
675 2043 714 2102 ut
741 2033 865 2102 omnia
891 2052 963 2103 uno
982 2032 1091 2103 verbo
1108 2033 1347 2112 concludam,

241 2150 332 2220 milri
349 2149 499 2240 quidem
515 2157 580 2217 aut
597 2147 821 2219 Tusculanas
838 2148 1078 2237 quaestiones,
1097 2158 1162 2217 aut
1175 2150 1241 2218 lios
1258 2148 1349 2218 Offi-

239 2264 382 2337 ciorum
401 2263 532 2348 libros,
552 2263 597 2333 de
614 2262 751 2352 quibus
769 2262 968 2354 disputatio
985 2263 1212 2345 instituitur,
1234 2264 1350 2352 perio

241 2380 359 2468 genti,
383 2380 514 2449 eximia
541 2379 718 2449 doctrinas
750 2380 850 2450 illius
888 2379 1123 2469 pulchritudo
1160 2379 1349 2449 mirabiles

240 2512 383 2564 amores
402 2494 555 2575 excitat3
576 2513 692 2583 quum
714 2494 759 2562 ad
785 2493 1020 2581 Evangelium
1044 2513 1174 2564 rursus
1200 2495 1348 2564 Paulive

242 2608 416 2698 Epistulas
424 2609 598 2691 devenio,
615 2619 737 2680 tantus
747 2611 825 2698 jam
839 2610 1003 2699 adeoque
1016 2609 1161 2678 divinus
1174 2609 1348 2698 splendor

239 2725 403 2814 undique
426 2726 543 2796 oculis
562 2726 727 2810 affulget,
763 2735 804 2793 ut
821 2726 1029 2805 neminem,
1058 2724 1128 2793 nisi
1147 2724 1281 2807 Deum,
1309 2726 1346 2798 in

240 2849 379 2912 tantam
411 2839 674 2910 sublimitatem
704 2859 782 2909 sese
809 2860 973 2929 unquam
1003 2839 1131 2908 efferre
1164 2841 1345 2928 potuisse,

239 2975 349 3044 cogar
371 2955 544 3046 profiteri.
567 2955 766 3043 Postquam
785 2973 917 3042 nenrpe
934 2954 1100 3024 homines
1115 2973 1182 3044 pro
1199 2956 1276 3024 suis
1294 2957 1348 3023 vi-

239 3071 362 3155 ribus,
387 3072 431 3140 ad
458 3070 722 3160 assequendam
742 3070 917 3138 virtutem
935 3088 1107 3158 suprema
1121 3078 1343 3150 tentassent,

240 3186 419 3269 restabat,
438 3197 582 3275 utopus
601 3186 813 3257 inchoatum
832 3188 1163 3278 imperfectumque
1180 3191 1257 3278 ipse
1275 3212 1348 3260 nna

239 3301 352 3371 meris
368 3302 540 3371 omnibus
562 3301 658 3372 Deus
675 3302 890 3373 absolveret.
923 3332 935 3363 «
962 3302 1036 3397 (lui
1056 3315 1104 3373 est
1121 3307 1163 3374 de
1179 3317 1285 3389 terra,
1305 3311 1348 3376 cle

242 3450 253 3480 s
281 3426 374 3487 tarra
395 3416 557 3505 loquitur.
588 3416 662 3511 Qui
685 3418 726 3486 de
755 3419 839 3488 coelo
861 3420 971 3501 venit,
993 3439 1096 3507 super
1113 3441 1229 3489 amites
1251 3434 1343 3492 est...

243 3563 256 3597 s
279 3531 390 3627 Quem
403 3532 499 3602 misit
511 3532 621 3613 Deus,
638 3532 962 3622 t‘sloquitordiviuo
979 3534 1045 3629 (ὃ).
1068 3565 1079 3594 »

273 3770 307 3832 lt)
318 3768 404 3818 llatth.
416 3769 486 3829 xxti,
500 3774 538 3820 to.
548 3799 577 3806 —
587 3775 622 3827 (2)
637 3770 667 3820 Et
677 3759 860 3820 Tertullianus:
873 3774 899 3821 si
911 3772 1049 3833 innobilis,
1062 3775 1086 3821 si
1104 3775 1240 3836 inylorins
1250 3810 1258 3833 ,
1270 3778 1294 3822 si
1308 3779 1348 3821 tn-

241 3846 387 3910 ltorobilt's‚
399 3861 471 3897 meus
483 3849 533 3898 erit
551 3848 673 3900 Christus
685 3849 749 3910 (alr.
762 3849 879 3898 Marcion.
892 3851 932 3910 111,
948 3857 996 3906 li).
1012 3878 1034 3887 -
1051 3850 1085 3915 (3)
1095 3853 1184 3902 loann.
1198 3853 1244 3911 lll,
1258 3858 1296 3910 30,
1309 3858 1346 3901 aa.

697 4102 897 4117 ——-—
