2984 4750
638 179 832 250 ...17-

183 344 288 416 libris
312 346 387 419 suis
419 346 628 436 explicans,
658 366 740 436 quae
768 345 935 434 plerique
966 345 1104 433 ingenii
1134 345 1295 417 bonitate

183 462 329 550 assequi
346 460 498 553 possint.
894 471 897 477 '

233 575 326 645 Cum
344 596 431 665 ergo
449 574 544 646 Stoae
562 575 794 666 principibus
818 575 906 644 viris
927 574 1125 664 placuisset
1139 575 1192 645 nil
1216 595 1295 648 me·

185 686 287 757 diurn
315 689 412 787 iuter
437 689 474 759 id
491 690 599 781 ¹<prod
623 691 821 759 honestum
846 699 910 757 aut
939 676 1038 778 qnod
1066 699 1174 779 turpe
1199 698 1296 760 esset

185 800 379 886 interesse,
392 813 598 893 caeteraque
610 802 754 885 omnia,
771 800 854 892 quae
870 811 970 871 extra
997 802 1171 872 virtutem
1186 805 1295 890 vulgo

184 916 281 986 bona
296 919 540 1001 estimantur,
556 918 708 991 omnino
727 926 769 986 ut
782 916 1045 998 indifferentia,
1061 917 1297 1007 despicienda

186 1033 445 1121 precepissent
461 1033 666 1115 ;Panoetius
681 1041 809 1101 contra
828 1032 943 1101 multa
957 1032 995 1100 in
1009 1031 1081 1100 vita
1101 1014 1297 1103 occurrere

187 1146 360 1229 docebat,
377 1166 480 1237 quae,
499 1146 667 1237 quamvis
690 1165 756 1236 per
779 1166 817 1215 se
842 1146 936 1215 nihil
953 1146 1058 1230 boni,
1088 1146 1181 1216 nihil
1207 1146 1297 1216 mali

186 1260 380 1344 baberent,
399 1270 541 1331 naturae
560 1242 684 1331 tamen
710 1261 925 1344 convenire,
942 1271 979 1330 et
996 1261 1041 1332 ad
1059 1261 1297 1332 efficiendum

186 1374 334 1445 beatum
365 1376 554 1447 hominem
585 1376 709 1464 magui
736 1395 815 1445 esse
852 1376 1033 1446 momenti
1068 1376 1293 1446 viderentur.

188 1488 334 1559 Nullam
353 1509 440 1560 sane
458 1509 582 1560 veram
597 1491 678 1560 sine
702 1490 838 1560 virtute
862 1490 1075 1559 felicita-tem
1093 1507 1174 1558 esse
1191 1507 1296 1577 posse

188 1603 382 1690 fatebatur,
399 1605 462 1675 sed
480 1625 562 1675 eam
582 1614 705 1675 tamen
724 1604 770 1673 ad
788 1605 881 1674 bene
905 1605 1083 1692 beateque
1100 1604 1295 1673 vivendum

188 1736 227 1786 se
241 1717 319 1807 ipsa
338 1738 417 1789 esse
432 1728 645 1789 contentam
667 1718 788 1815 (quod
809 1738 925 1787 unum
942 1727 1022 1787 erat
1039 1717 1296 1805 gravissimum

188 1832 282 1902 Stoac
308 1834 519 1928 decretum)
547 1835 712 1922 negavit,
739 1834 811 1903 uisi
838 1834 943 1903 dolor
970 1853 1117 1922 qnoque
1140 1841 1177 1902 et
1205 1852 1297 1922 pau-

190 1958 312 2038 pertas
337 1949 501 2031 abesset,
519 1951 756 2038 honestaeque
781 1949 933 2036 insuper
950 1948 1215 2017 adhiberentur
1231 1967 1296 2018 vo·
1375 1966 1380 1981 ‘

190 2064 360 2153 luptates.
391 2064 600 2154 Sapientem
631 2065 745 2151 igitur
770 2065 958 2132 interdum
975 2072 1011 2131 et
1035 2060 1214 2151 voluptati
1238 2063 1298 2130 in-

189 2179 339 2267 dulgere
347 2178 517 2268 iubebat,
530 2190 566 2249 et
577 2180 773 2249 affectuum
788 2178 902 2246 animi
915 2178 1104 2266 ipsiusque
1132 2177 1298 2266 corporis

190 2293 325 2364 habere
355 2295 537 2364 rationem
565 2292 634 2390 (l).
666 2293 788 2380 Quare
818 2291 1051 2382 improbabat
1080 2291 1178 2360 idem
1211 2311 1297 2382 pro-

193 2410 316 2479 batam
336 2411 418 2480 aliis
432 2411 564 2482 Stoicis
584 2417 727 2485 άπαθειάν
745 2419 784 2478 et
806 2419 1007 2504 attulphus,
1027 2409 1064 2478 id
1082 2418 1157 2490 est,
1173 2409 1298 2478 vacui-

192 2534 304 2595 tatem
332 2525 529 2596 aiiectuum
556 2536 593 2594 et
616 2524 859 2593 indolentiam
887 2522 960 2616 (2);
986 2543 1060 2592 non
1085 2523 1162 2612 jam
1181 2523 1299 2593 Deum

189 2640 311 2724 enim,
330 2642 392 2711 sed
409 2640 598 2711 hominem
615 2640 810 2709 instituere
827 2638 897 2708 sibi
914 2647 1165 2727 proposuerat.

240 2753 326 2823 Earn
346 2755 492 2824 virtutis
511 2752 801 2844 temperantiam
827 2752 998 2841 discipuli
1022 2750 1175 2819 Panaetii
1200 2750 1298 2820 obti-

192 2888 328 2952 nuere,
353 2870 609 2951 Mnesarchus,
625 2868 861 2958 Apollonius,
878 2867 1087 2937 Demetrius
1104 2887 1112 2934 :
1133 2865 1296 2937 Hecaton

191 2982 373 3066 RhodiuS,
393 2984 485 3054 alter
509 2983 639 3053 Stoicae
658 2983 759 3051 illius
783 2981 1047 3051 mediocritatis
1066 2989 1237 3062 sectator,
1257 2981 1296 3051 in

189 3098 312 3181 libris,
334 3118 426 3187 quos
451 3099 529 3187 ipse
554 3098 599 3167 de
618 3097 758 3167 Officiis
785 3097 951 3185 scripsit,
978 3095 1215 3186 praecipiebat
1237 3116 1297 3163 aa·

186 3212 410 3302 patentiorem,
426 3214 521 3281 nihil
531 3223 649 3282 contro
664 3232 792 3295 mores,
809 3210 911 3298 lopas,
924 3210 1081 3279 instituto
1093 3208 1292 3299 feodalem,

188 3325 312 3397 habere
327 3330 495 3397 rationem
514 3328 567 3397 rei
584 3325 779 3416 familiaris
795 3325 862 3421 (3).
879 3325 1097 3395 Posidonius
1114 3325 1293 3414 denique,

189 3460 287 3511 unus
317 3443 483 3513 omnium
515 3442 666 3510 Panaetii
697 3442 964 3530 discipulorum
1002 3438 1292 3522 celeberrimus,

189 3555 352 3639 divitias,
377 3556 622 3627 valetudinem
640 3565 678 3624 et
701 3557 856 3639 similia,
876 3576 958 3645 quae
976 3555 1100 3625 caeteri
1122 3554 1234 3628 Stoici
1255 3555 1294 3624 in

188 3689 344 3740 nurnero
373 3688 428 3746 mv
450 3677 616 3771 adtxpdpue
639 3679 882 3758 reponerent,
911 3669 1006 3757 ipse,
1036 3676 1077 3739 ut
1105 3668 1292 3766 magister,

188 3784 286 3853 inter
303 3785 397 3853 bona
414 3784 605 3854 referenda
624 3804 702 3853 esse
723 3782 969 3854 contendebat
990 3780 1040 3877 (lt)

219 4098 253 4163 (t)
265 4100 333 4161 [liog.
348 4100 428 4149 baert.
439 4135 448 4159 ,
461 4098 516 4158 Vll,
530 4102 585 4149 128.
602 4128 614 4133 -
633 4097 667 4162 (Ι)
684 4099 713 4146 Α.
723 4096 830 4155 Gellius,
841 4095 893 4154 llll,
907 4098 929 4143 Ι.
944 4121 967 4131 -
984 4092 1018 4154 (a)
1030 4093 1064 4142 be
1079 4091 1140 4152 Oli„
1154 4092 1200 4146 tlt.
1214 4096 1251 4141 ts.
1263 4119 1294 4128 -

183 4177 220 4244 ΙΙ)
229 4180 298 4241 btog.
312 4181 402 4238 taen„
414 4179 463 4238 ΙΙΙ,
476 4182 531 4229 llll.
1089 4256 1108 4310 2
