2984 4750
644 190 835 264 ..21-

192 373 205 407 »
228 342 337 414 beros
353 346 505 416 omnino
522 367 541 415 a
570 346 645 416 Deo
664 355 808 416 creatos
834 366 876 416 ac
893 346 1037 435 genitos
1058 367 1136 419 esse
1154 349 1297 420 animos

193 486 206 519 »
232 466 376 530 nostros
398 480 537 552 :quare
552 464 652 530 nefas
670 480 749 532 esse
763 480 858 531 eosa
877 461 982 531 nobis
995 462 1106 533 rebus
1120 460 1293 546 externis,

193 604 205 634 »
231 580 274 641 ut
289 573 440 662 opibus,
457 575 673 658 honoribus,
685 576 845 664 corpori,
860 577 900 646 in
917 574 1131 648 servitutem
1148 574 1268 647 addici
1285 597 1295 648 r

194 714 206 747 »
231 688 393 757 curanda
414 689 520 760 nubis
537 710 616 762 esse
633 711 715 780 quae
733 711 755 760 a
771 690 878 763 nobis
895 701 1002 776 sunt,
1016 713 1099 782 quae
1112 702 1214 763 extra
1230 712 1299 764 nos

192 830 205 863 ι
232 802 449 891 negligenda
477 825 485 874 :
513 803 552 873 iu
582 804 689 874 nobis
715 824 794 877 esse
816 805 1056 896 opinionem,
1088 806 1296 896 impetum,

193 945 206 978 t
232 917 515 1007 appetitionem,
541 919 843 1003 declinationem,
864 940 939 990 uno
956 919 1090 1003 verbu,
1108 941 1298 1012 quaecum-

193 1059 206 1093 ι
232 1050 304 1121 que
317 1050 428 1122 opera
444 1028 569 1108 nostra
583 1043 670 1104 sunt
689 1058 698 1107 ε
714 1044 816 1105 extra
830 1054 910 1116 nos,
926 1054 1027 1123 opes,
1043 1037 1214 1120 honores,
1228 1035 1300 1106 im-

193 1175 206 1208 »
231 1146 356 1232 peria,
371 1166 506 1237 corpus
522 1148 646 1238 ipsum
669 1173 677 1221 :
696 1170 779 1240 quae
799 1148 963 1219 innubis
986 1150 1086 1234 sint,
1105 1169 1148 1221 ea
1169 1160 1301 1220 natura

193 1260 348 1331 »libera
364 1282 462 1346 esse,
491 1282 612 1354 neque
637 1264 711 1334 ulla
739 1264 774 1333 vi
800 1263 988 1353 prohiberi
1018 1283 1149 1355 posse,
1181 1284 1301 1356 neque

197 1406 210 1439 r
232 1375 429 1466 impediri:
447 1398 530 1467 quae
544 1388 646 1450 extra
659 1399 725 1449 nus
741 1378 944 1463 imbecilla,
961 1379 1119 1463 servilia,
1132 1380 1262 1451 aliena.
1280 1411 1292 1443 t

191 1533 236 1545 -
253 1491 371 1578 Quam
388 1492 539 1582 quidem
556 1492 878 1582 inexpugnabilem
900 1493 1075 1584 sapientis
1094 1493 1302 1564 sublimita-

192 1616 289 1689 tem,
308 1616 448 1696 quanto
475 1627 560 1677 cum
588 1627 713 1678 amore
741 1608 872 1678 Notcr
898 1608 1054 1679 dicendo
1083 1609 1298 1694 adornaret,

192 1721 476 1811 extolleretque‚
498 1722 686 1804 novimus3
707 1722 803 1792 baud
818 1723 1021 1813 quidquam
1038 1722 1153 1806 enim,
1168 1723 1207 1792 in
1226 1722 1299 1793 dis·

192 1836 377 1925 putando,
408 1855 452 1905 ex
481 1835 665 1924 asperiore
693 1855 735 1905 ea
755 1836 888 1906 virtute
914 1837 1055 1907 remitti
1080 1836 1297 1925 patiebatur.

193 1951 309 2042 Atque
326 1970 411 2021 eunt
430 1970 517 2021 sane
529 1950 698 2041 equidem
721 1951 850 2035 velim,
876 1971 960 2022 cum
976 1952 1218 2035 declamaret,
1243 1951 1303 2021 in-

194 2067 339 2137 terdum
365 2065 419 2135 rei
452 2074 601 2156 captum
623 2066 800 2136 suavitate
817 2076 854 2135 et
874 2066 1022 2155 proprio
1040 2067 1186 2137 dicendi
1210 2077 1302 2137 aestu

193 2182 456 2263 calescentem,
485 2198 527 2249 ex
570 2180 694 2250 animo
720 2199 816 2269 soepe
841 2179 984 2249 dixisse.
1014 2179 1083 2249 Sed
1108 2192 1302 2271 postquam

194 2315 342 2368 causam
359 2294 454 2365 Stnae
476 2304 698 2385 perorasset,
717 2305 829 2386 atque
848 2295 998 2365 sublimi
1011 2294 1076 2366 illo
1099 2298 1303 2388 patrocinio

194 2413 410 2493 defunctus,
449 2410 493 2480 ad
527 2429 586 2480 res
622 2412 830 2481 tractandas
864 2412 1116 2496 descenderet,
1154 2435 1304 2504 prorsus

190 2529 268 2619 jam
282 2530 444 2600 minores
462 2524 604 2599 animos
624 2547 788 2608 sumere,
804 2526 971 2619 aliusque
984 2527 1095 2601 bomo
1112 2529 1191 2600 steri
1208 2530 1303 2601 vide·

196 2645 316 2715 batur.

244 2759 369 2848 Neque
385 2779 470 2831 eum
488 2760 739 2849 suppudebat,
763 2780 829 2829 nec
848 2760 1076 2830 mirabantur
1106 2761 1299 2860 homines,

194 2877 226 2946 si
241 2877 334 2945 lacta
351 2876 582 2964 aliquandoa
601 2875 721 2945 verbis
740 2875 1141 2964 discreparent33enr'lr's
1158 2876 1253 2945 enim
1269 2877 1305 2945 id

193 2999 294 3072 erat,
315 2998 357 3059 ut
382 2990 453 3070 ait,
476 2988 697 3070 declamatio,
730 2989 882 3077 ipseque
901 2986 1020 3076 palam
1047 2987 1301 3076 profitebatur,

195 3105 307 3174 aliam
335 3122 414 3173 esse
448 3104 569 3185 illam,
595 3123 712 3193 quum
736 3102 870 3172 veritas
892 3101 1043 3171 limatur
1081 3102 1119 3170 in
1140 3101 1302 3191 disputa-

196 3220 314 3303 tione,
339 3218 603 3298 subtilitatem,
632 3216 742 3286 aliam
760 3217 798 3285 in
819 3217 959 3304 agendo
979 3217 1304 3307 remissioremque

196 3354 275 3405 esse
288 3334 421 3404 debere
435 3331 692 3424 prudentiam:
708 3341 902 3421 postquam
920 3331 1021 3402 cuim
1033 3331 1178 3402 Stoicus
1197 3332 1304 3401 ratio·

196 3449 354 3520 cinando
376 3447 634 3537 aegritudinem
660 3467 733 3516 non
754 3447 793 3516 in
816 3457 946 3517 natura
970 3448 1033 3515 sed
1063 3447 1101 3515 in
1132 3447 1305 3535 opinione

196 3584 276 3637 esse
290 3563 518 3655 pervicisset,
536 3562 622 3632 inde
637 3581 743 3644 vero,
767 3562 797 3631 si
817 3582 889 3652 qua
908 3580 991 3631 vera
1008 3562 1197 3631 calamitas
1209 3560 1302 3630 inci·

196 3682 322 3761 deret,
339 3699 470 3769 parum
487 3679 607 3750 solatii
623 3677 790 3748 adbiberi
805 3696 908 3765 posse
933 3677 1115 3746 fatebatur
1135 3698 1142 3744 :
1164 3676 1304 3765 aliquid

197 3805 321 3867 autem
330 3804 412 3864 tum
426 3795 596 3864 bumanae
609 3792 853 3863 imbecillitati
867 3792 1003 3862 rectius
1017 3792 1156 3861 remitti
1169 3812 1190 3860 a
1204 3790 1307 3859 Peri-

198 3909 380 4001 pateticis.
396 3909 564 3979 -Sedet
586 3908 714 3978 multis
732 3909 843 3977 etiam
859 3907 949 3977 locis
963 3907 1061 3977 idem
1082 3927 1145 3977 eus
1162 3907 1309 3978 virtutis

199 4024 394 4112 magistros
409 4025 516 4106 ludit,
532 4024 610 4114 qui,
627 4024 736 4113 paulo
752 4023 897 4112 longius
911 4041 1023 4113 quam
1039 4031 1171 4093 natura
1185 4021 1306 4103 vellet,

198 4140 291 4210 fines
308 4138 514 4209 officiorum
538 4137 787 4228 protulissent.
806 4138 880 4208 Nec
892 4138 963 4227 ipsi
979 4137 1150 4227 parcebat
1165 4136 1307 4220 Catoni,
