2984 4750
706 242 899 318 „ffi-

246 409 398 492 mirum,
418 409 449 479 si
467 408 538 499 ipsi
551 405 597 477 ad
610 427 692 479 eam
707 410 821 481 totius
842 410 988 481 babitus
1007 417 1155 495 εὐταξίαν,
1171 430 1245 501 qua
1258 431 1360 502 spec·

245 525 405 596 tantium
439 523 722 595 admirationem
752 536 965 610 moverent,
1000 526 1204 617 plurimum
1237 545 1358 616 operae

245 640 493 710 contulerint?
517 640 609 711 Eum
636 650 762 711 autem
780 641 923 711 decoris
945 642 1090 712 cultum
1111 641 1156 711 ad
1179 642 1358 712 tuendam

245 755 464 844 dignitatem
476 774 581 825 suam
598 755 785 826 Romanus
802 766 1012 845 usurparet,
1029 776 1177 827 necesse
1190 757 1271 828 luit.

296 871 386 957 Quae
402 872 501 941 inter
518 871 635 940 multa
647 872 693 942 de
710 872 987 942 conservatione
1002 872 1146 942 decoris
1158 883 1355 964 precepta,

246 987 372 1077 paucis
393 986 561 1078 quidem,
578 987 643 1057 sed
663 988 852 1079 aptissime
877 985 1005 1058 Cicero
1023 987 1215 1071 describit,
1238 989 1359 1078 qualis

246 1122 367 1174 sermo
383 1103 423 1173 in
439 1103 589 1174 circulis
602 1104 854 1193 conviviisque
871 1121 950 1172 esse
967 1102 1121 1173 debeat:
1139 1122 1213 1193 qua
1230 1106 1359 1174 conla-

247 1216 398 1288 bulandi
428 1218 526 1288 inter
552 1218 751 1288 familiares
782 1216 978 1289 Rhetorica
998 1216 1217 1307 exquisitius
1246 1219 1358 1309 quid⁶

246 1351 359 1421 quam
378 1350 466 1402 sane
480 1333 579 1402 haud
600 1332 765 1403 invenias
781 1330 834 1427 (l,
850 1333 921 1423 37).
937 1373 980 1385 -
999 1331 1177 1419 Quaedam
1192 1333 1360 1423 ‘denique

246 1448 291 1519 de
318 1448 479 1519 hominis
497 1448 667 1519 honorati
684 1449 796 1520 domo
820 1448 964 1538 adjicit3
984 1448 1121 1538 quippe
1138 1468 1257 1538 quum
1280 1449 1361 1539 ipsa

243 1563 382 1634 aedium
417 1564 576 1652 dignitas
600 1566 646 1634 ad
677 1566 886 1655 conspicue
912 1563 1062 1633 virtutis
1085 1563 1166 1653 eius
1190 1563 1359 1652 splendo

246 1689 326 1741 rem
343 1669 434 1741 adeo
453 1670 620 1760 proficiat
635 1672 724 1760 (39).

295 1783 601 1872 Quandoquidem
615 1783 732 1853 virtus
745 1803 789 1854 ea
802 1785 917 1855 ferme
930 1793 1006 1854 tota
1018 1785 1057 1853 in
1069 1784 1117 1853 iis
1131 1783 1257 1866 rebus,
1273 1800 1356 1871 quae

245 1908 335 1969 sunt
359 1898 601 1983 extrinsecus,
619 1901 738 1989 posita
767 1909 842 1983 est,
873 1910 1067 1990 propterea
1090 1917 1224 1969 rursus
1241 1899 1358 1968 multa

244 2034 330 2105 quae
348 2013 394 2082 ad
410 2014 625 2086 interiorem
651 2015 841 2086 bominem
863 2015 1084 2104 pertineant,
1107 2015 1147 2083 in
1170 2013 1228 2085 his
1253 2011 1359 2083 libris

243 2129 442 2201 desideres.
467 2131 616 2200 Frustra
641 2130 756 2219 igitur
778 2130 837 2201 hic
862 2129 1040 2200 moralem
1064 2129 1228 2219 aliquam
1247 2129 1358 2199 alsec-

247 2255 355 2316 tuum
372 2244 489 2314 animi
507 2245 813 2336 descriptionem,
838 2245 1013 2335 vivosque
1037 2263 1101 2315 eos
1123 2244 1168 2314 de
1193 2242 1361 2314 moribus

246 2360 548 2450 locosreqniraS,
559 2369 764 2451 quostanta
780 2354 939 2449 ingenii*
938 2359 1142 2431 subtilitate
1150 2358 1362 2430 Aristoteles

244 2476 540 2547 adumbraverat.
556 2477 637 2547 Non
651 2476 838 2547 tamenim
850 2486 1023 2547 naturam
1035 2476 1223 2547 Romanus
1231 2482 1362 2544 auctor

248 2591 437 2675 observat,
466 2610 579 2682 qnam
601 2609 684 2661 eam
710 2599 838 2661 contra
867 2591 1093 2682 propositam
1117 2591 1164 2660 ad
1191 2606 1362 2660 normam

245 2707 324 2796 ipse
336 2705 466 2795 fingit:
486 2725 529 2776 ac
547 2706 672 2776 minus
690 2706 775 2794 quis
791 2705 839 2775 sit
860 2706 984 2788 bomo,
1001 2707 1126 2789 docet,
1143 2723 1256 2795 quam
1273 2724 1361 2795 qua·

246 2822 321 2892 lem
345 2839 433 2891 enm
457 2839 538 2891 esse
562 2821 706 2892 deceat.
732 2819 866 2890 Omnia
890 2821 1015 2911 itaque
1032 2822 1089 2891 vel
1112 2817 1361 2891 diversissima

244 2936 291 3006 ad
310 2955 424 3007 unam
439 2935 588 3007 habitus
604 2936 911 3027 compositionem
929 2936 1088 3025 redigit,
1107 2942 1144 3006 et
1159 2935 1278 3024 rigida
1296 2954 1359 3004 ea-

244 3054 344 3136 dem,
362 3060 403 3122 ut
419 3050 471 3121 ita
490 3051 628 3137 dicam,
649 3061 734 3142 toga
754 3052 880 3130 omnia
900 3052 1039 3142 pariter
1053 3049 1266 3123 involvit-
1278 3050 1359 3138 Qua

244 3168 285 3236 in
312 3166 533 3256 disciplina,
552 3167 744 3256 ingenium
771 3187 848 3238 non
870 3166 984 3238 Stoici
1001 3168 1134 3250 modo,
1157 3166 1222 3236 sed
1244 3165 1360 3249 etiam

246 3280 403 3353 Romani
418 3282 488 3351 viri
511 3282 598 3353 licet
611 3301 790 3371 agnoscas
804 3303 815 3351 ¹:
840 3301 953 3372 quem
975 3302 1062 3353 cum
1080 3281 1199 3370 frangi
1224 3281 1358 3350 timore

242 3405 311 3467 aut
327 3397 457 3467 ardere
474 3397 655 3468 desiderio
679 3397 835 3488 pudeat,
853 3416 999 3487 semper
1011 3397 1057 3469 ab
1083 3417 1125 3468 ea
1142 3396 1257 3466 animi
1276 3414 1358 3486 per·

246 3512 502 3584 turbationum
515 3512 763 3603 descriptione
780 3531 926 3584 aversos
943 3514 1070 3584 oculos
1079 3522 1193 3596 tenet,
1205 3531 1251 3583 ne
1264 3512 1357 3602 quid

245 3629 347 3698 intus
374 3636 556 3711 occurrat,
586 3627 686 3717 quod
707 3648 782 3698 non
805 3629 894 3700 satis
923 3629 1001 3699 viro
1030 3628 1183 3717 dignum
1217 3628 1286 3710 sit3
1318 3643 1362 3695 ea

246 3761 330 3832 quae
341 3741 473 3812 intimo
486 3742 556 3813 sub
570 3753 718 3832 pectore
731 3744 977 3834 cupiditatum
992 3753 1155 3814 metusve
1172 3749 1362 3813 momenta

242 3856 416 3940 laterent,
435 3876 583 3948 semper
600 3858 787 3929 Romanus
804 3859 937 3930 maluit
952 3860 1123 3947 ignorare
1136 3856 1203 3951 (l).

278 4154 312 4220 (1)
327 4156 453 4218 Praeolpua
463 4168 493 4206 ea
503 4170 578 4207 causa
587 4156 662 4208 luisse
669 4158 732 4208 mllrl
745 4160 845 4210 vldetur
859 4158 890 4225 (sl
906 4160 981 4210 modo
997 4161 1022 4210 ld
1036 4163 1061 4210 ln
1077 4162 1184 4210 transitu
1193 4160 1314 4220 attingere
1326 4158 1359 4207 lt·

243 4232 325 4298 seat),
337 4247 381 4284 cur
391 4235 508 4297 tragedia
520 4236 604 4288 Roma
618 4240 703 4288 minus
715 4240 858 4291 invaluerit.
875 4241 936 4302 Qua
952 4243 1059 4290 enimin
1074 4240 1185 4290 moribus
1197 4237 1302 4289 heroam
1313 4251 1359 4301 po-
