2984 4750
713 241 902 310 ...3⁶2-

251 411 290 480 in
326 410 430 480 curia
465 408 639 478 adversus
663 407 841 477 Catonem
873 404 1097 487 defendisse,
1126 413 1237 495 atque
1276 427 1363 478 cum

252 545 334 595 eam
357 523 489 595 urbem
509 523 548 593 in
577 521 750 592 incendio
779 528 1014 590 corruentem
1042 530 1241 609 spectaret,
1267 523 1365 593 inter

253 640 467 721 victoriam,
483 636 705 707 mirantibus
722 635 869 717 amiam,
887 634 1138 705 illacrimasse.

302 752 377 822 Nec
395 750 577 841 justitiam
602 750 722 832 illam,
750 770 823 838 qua
851 749 971 818 omnis
994 749 1187 819 hominum
1210 748 1309 819 inter
1326 770 1365 819 se

253 868 408 939 societas
431 863 687 956 conjungitur,
707 864 755 933 ad
770 865 808 934 id
823 883 960 946 unum,
980 883 1026 934 ne
1041 864 1102 933 eui
1116 863 1199 953 quis
1214 874 1362 948 noceat,

254 982 353 1070 cogit
366 981 513 1062 Cicer03
530 989 567 1050 at
577 989 754 1069 praeterea
771 977 921 1067 subjicit
932 979 1055 1068 cuique
1067 978 1185 1061 etiam,
1200 990 1367 1069 quantum

254 1097 394 1188 quisque
403 1096 530 1185 possit,
547 1091 839 1183 benefaciendum.
854 1094 971 1182 Atque
984 1094 1091 1175 hinc,
1111 1093 1368 1163 Liberalitatem

255 1230 365 1300 porro
382 1210 512 1279 definit
537 1208 758 1299 quamdam,
782 1208 1001 1296 prudentem
1026 1208 1110 1275 vero
1133 1227 1175 1277 ac
1193 1227 1365 1296 parcam,

257 1325 321 1397 sed
334 1346 417 1415 quae
436 1324 615 1395 saltemin
628 1341 866 1393 communem
877 1322 966 1403 vitae
977 1341 1087 1391 usum
1102 1321 1227 1392 diduci
1239 1323 1365 1414 possit.

258 1436 1371 1529 -Quanquameambenignitatem,sitemporumhaudsatis

257 1554 438 1624 rationem
456 1554 609 1635 habeas,
630 1552 741 1623 nimis
759 1562 883 1621 tamen
902 1551 948 1621 ad
967 1551 1163 1621 utilitatem
1181 1551 1370 1622 interdum

257 1669 499 1758 compositam
530 1668 691 1749 dixeris3
716 1667 791 1736 sive
814 1674 850 1736 te
880 1666 1075 1736 admoneat
1100 1664 1294 1753 magister,
1322 1687 1371 1737 ne

259 1783 453 1872 benignior
477 1802 556 1852 esse
583 1781 696 1865 velis,
733 1800 845 1871 quam
878 1799 937 1851 res
966 1781 1121 1870 patitur,
1148 1790 1186 1850 et
1209 1780 1255 1849 ad
1278 1781 1371 1852 alios

259 1898 474 1980 transieras,
497 1895 599 1985 quod
622 1895 697 1964 tuis
720 1895 881 1985 relinqui
902 1895 1046 1984 aeqmus
1064 1894 1129 1975 sit;
1151 1894 1225 1963 sive
1243 1904 1279 1964 te
1295 1895 1371 1964 illis

258 2012 443 2101 imprimis
466 2010 593 2097 largiri
610 2010 758 2100 Jubeat,
788 2010 853 2100 qui
878 2010 924 2079 ad
942 2019 1024 2080 tuas
1050 2009 1226 2079 utilitates
1249 2011 1371 2079 officia

261 2138 347 2198 ante
366 2127 616 2209 contulerint,
642 2136 706 2197 aut
728 2133 857 2197 rursus
871 2127 1037 2196 conterre
1067 2125 1217 2216 possint.
1245 2125 1287 2194 in
1312 2127 1371 2196 his

262 2242 434 2314 omnibus
443 2242 635 2332 praeceptis
653 2244 823 2332 quaedam
842 2260 986 2329 semper
1001 2240 1216 2310 observatur
1228 2241 1372 2311 medio-

263 2357 394 2440 critas,
421 2377 503 2447 quae
522 2356 710 2428 hominem
731 2356 860 2437 decet3
884 2356 1084 2426 humanam
1106 2356 1279 2426 virtutem
1310 2357 1371 2425 in-

263 2470 384 2542 stituit
397 2468 548 2541 Cicero:
569 2480 752 2559 quatenus
769 2470 911 2539 homini
928 2470 982 2539 ire
999 2471 1126 2539 datum
1150 2469 1280 2553 luerit,
1302 2490 1371 2540 nec

264 2587 381 2667 ultra,
400 2586 478 2675 ipse
490 2586 734 2675 progreditur.
754 2584 844 2672 Quis
856 2605 942 2656 vero
956 2586 1070 2667 alius,
1089 2594 1221 2678 praeter
1235 2586 1368 2669 Deum,

263 2720 344 2771 eam
361 2700 619 2770 liberalitatem
634 2701 730 2771 ultra
752 2701 904 2771 dilatare
919 2700 1060 2791 potuit?
1073 2700 1190 2772 sedda
1205 2701 1262 2770 his
1281 2701 1372 2771 satis

264 2814 491 2910 dictumest.

313 2929 379 2999 lll.
410 2929 619 3000 Fonrrruno
637 2928 739 3020 Saepe
753 2931 812 3012 iit,
834 2940 875 3001 ut
889 2931 1014 3014 home,
1032 2931 1097 3021 qui
1111 2939 1164 3000 tot
1177 2930 1289 3002 rebus
1304 2932 1372 3001 ad-

264 3042 376 3115 versis
393 3041 571 3113 obnoxius
581 3044 701 3134 jaceat
712 3097 721 3127 ,
734 3045 931 3115 honestum
944 3046 982 3115 id
995 3046 1258 3135 decorumque,
1271 3046 1371 3135 quod

264 3156 346 3226 vitae
363 3158 593 3247 propositum
610 3168 687 3241 est,
705 3160 783 3247 jam
802 3172 963 3250 nequeat
983 3162 1171 3244 obtinere,
1197 3161 1269 3230 nisi
1290 3181 1370 3231 sese

263 3289 329 3361 per
344 3272 458 3339 animi
473 3268 714 3360 fortitudinem
731 3292 843 3364 supra
857 3277 989 3346 arduas
1002 3297 1061 3347 res
1078 3277 1222 3358 efferat,
1242 3277 1370 3346 huma·

263 3403 383 3473 naque
400 3384 587 3472 despiciat.

310 3498 430 3586 Quam
454 3518 539 3569 vero
565 3499 679 3570 animi
700 3502 916 3585 elationem,
949 3524 1059 3593 qoam
1086 3505 1159 3573 vim
1185 3524 1227 3574 ac
1254 3505 1370 3574 robur

263 3612 409 3683 virtutis
427 3613 660 3702 appellabant
674 3616 799 3696 stoici,
814 3617 866 3687 ita
882 3618 1008 3689 Cicero
1028 3619 1185 3708 sapienti
1203 3638 1270 3689 suo
1288 3621 1368 3689 vin-

262 3726 379 3808 dicat,
409 3735 451 3795 ut
474 3728 695 3816 asperiorem
732 3740 854 3799 tamen
884 3751 965 3801 eam
997 3731 1154 3821 quadam
1184 3731 1369 3803 Socratica

265 3839 515 3911 moderatione
532 3845 776 3913 constantiam
798 3855 992 3935 temperet.
1015 3848 1105 3915 Nam
1134 3846 1253 3937 placet
1267 3849 1367 3937 jam,

265 3961 307 4023 ut
325 3953 500 4038 diximuS,
529 3958 646 4028 virtus
666 3960 834 4048 quaedam
855 3961 989 4044 civilis,
1015 3964 1060 4032 ad
1083 3971 1231 4032 strenue
1255 3983 1370 4050 agen·

263 4068 351 4138 dum
385 4070 586 4154 instructa;
614 4093 842 4164 gnavamque
867 4076 960 4147 hanc
986 4077 1240 4168 fortitudinem
1265 4099 1370 4151 com-

261 4183 427 4267 mendat,
461 4206 543 4274 quae
568 4187 726 4277 publicis
742 4191 853 4260 rebus
876 4202 1059 4276 versatur,
1080 4213 1276 4284 quamque·
1290 4195 1370 4286 ipse
