2984 4750
949 942 1436 1030 sniimnmii
1484 935 2221 1023 COMMENTATIONIS·

480 1650 550 1737 l’n
562 1698 754 1737 »en-rio
757 1715 1605 1733 .................
1622 1677 1624 1682 “
1645 1708 2485 1728 .................
2518 1686 2633 1738 pag.
2689 1678 2717 1724 3

548 1801 588 1850 1.
718 1798 908 1860 Quibus
922 1799 972 1845 in
986 1808 1155 1847 rerum
1173 1794 1509 1844 Romanarum
1532 1792 1974 1856 asperitatibuS‚M.
1996 1792 2191 1842 Tullius
2212 1793 2402 1854 aliquid
2422 1794 2487 1844 ad

774 1876 1059 1926 Ciceronem
1076 1887 1228 1923 suum
1241 1874 1302 1923 de
1313 1874 1522 1922 honesta
1532 1887 1731 1923 morum
1739 1873 2000 1935 disciplina
2010 1872 2222 1922 scribere
2238 1875 2474 1923 instituit.
2686 1876 2715 1923 5

548 1975 606 2024 11.
723 1973 852 2034 Quid
873 1985 933 2022 ex
951 1971 1159 2033 singulis
1173 2007 1186 2031 ,
1209 1969 1391 2032 quibus
1421 1974 1535 2019 tum
1570 1970 1726 2021 Roma
1746 1969 2139 2030 distrahebatur,
2162 1970 2482 2035 philosophiae

778 2054 927 2102 sectis
940 2088 954 2111 ,
979 2052 1042 2107 ad
1071 2050 1430 2101 instituendam
1450 2063 1597 2100 suam
1613 2050 1815 2100 vivendi
1831 2050 2146 2113 disciplinam
2173 2049 2344 2102 Cicero
2363 2065 2479 2101 mu-

785 2136 957 2183 tuatus
979 2131 1277 2183 sit.-T0tus
1298 2142 1351 2180 se
1380 2131 1443 2180 ad
1463 2131 1736 2180 secundam
1758 2132 1926 2179 Stoam
1948 2129 2152 2181 Panaetii
2168 2134 2427 2182 convertit.
2464 2166 2479 2181 .
2684 2135 2715 2180 9

553 2231 636 2281 lll.
722 2228 794 2281 De
818 2230 1051 2278 universa
1070 2227 1287 2277 Tulliani
1310 2229 1471 2289 operis
1492 2228 1822 2276 institutione.
1846 2252 1907 2261 —
1929 2225 2143 2277 Omnem
2170 2228 2372 2280 vivendi
2394 2241 2481 2278 ra-

789 2310 981 2359 tionem
1018 2321 1079 2358 ex
1105 2310 1211 2371 ipsa
1231 2307 1449 2356 hominis
1471 2311 1652 2356 natura
1676 2307 1877 2369 penitus
1896 2311 2150 2370 perspecta
2178 2309 2425 2371 exprimit.
2464 2345 2480 2359 .
2653 2312 2713 2358 20

561 2410 637 2458 lv.
724 2407 931 2480 Virtutis
945 2407 1000 2454 in
1014 2404 1266 2466 generales
1284 2417 1402 2454 suas
1421 2409 1586 2468 partes
1606 2404 2272 2467 eampum-Prudentia.
2294 2434 2340 2443 -
2358 2406 2483 2459 Jus-

795 2485 938 2534 titia.
960 2511 1023 2519 -—
1043 2483 1346 2534 Fortitudo.
1380 2512 1424 2519 -
1458 2482 1836 2547 Temperantia
1838 2516 2482 2538 .............
2655 2491 2712 2538 26

558 2582 613 2630 V.
732 2580 812 2629 De
840 2578 978 2628 Boni
999 2577 1248 2642 Malique
1267 2578 1575 2630 Senecione.
1604 2602 1667 2614 -—-
1689 2576 1890 2628 Sublata
1922 2579 2139 2629 Deorum
2160 2582 2450 2631 auctoritate
2465 2619 2479 2640 ‚

799 2659 1265 2721 immortalitateque
1286 2662 1586 2718 animorum,
1603 2658 1781 2721 quibus
1802 2661 1962 2709 virtus
1982 2662 2260 2719 sanciatur,
2279 2673 2481 2711 omnem

792 2743 899 2800 jam
930 2739 1213 2790 officiorum
1250 2740 1620 2789 institutionem
1648 2738 1819 2788 Cicero
1848 2739 1911 2788 ad
1943 2739 2173 2789 decoram
2192 2744 2482 2792 ostentatio—

799 2831 916 2868 nem
955 2817 1456 2880 approbationemque
1487 2818 1756 2867 hominum
1792 2820 2011 2868 instruit.
2048 2853 2475 2872 .........
2656 2828 2708 2872 37

563 2917 641 2965 vl.
730 2916 811 2964 De
843 2913 1304 2965 Patriae—Patriae
1327 2914 1595 2964 utilitatem
1626 2928 1714 2978 pro
1734 2928 1965 2978 supremo
1979 2915 2109 2966 bono
2136 2922 2365 2981 proponit
2395 2919 2483 2969 Ci-

802 3006 942 3053 cero,
985 2992 1119 3042 unde
1159 2998 1334 3043 caetera
1365 2992 1525 3042 officia
1554 2995 1669 3043 vitae
1691 2998 1823 3044 certo
1843 2998 2072 3059 κριτηρίφ
2098 2996 2401 3048 ordinentur.
2438 3026 2479 3034 -

803 3075 922 3137 Quoe
945 3086 1005 3123 ex
1027 3086 1084 3122 ea
1106 3071 1284 3124 Patriae
1309 3073 1540 3134 reiigione
1558 3072 1727 3124 Romae
1750 3080 2013 3124 consecuta
2032 3078 2150 3136 sint,
2173 3090 2290 3128 cum
2310 3080 2483 3128 civitas

803 3158 963 3203 totum
994 3152 1165 3202 orbem
1201 3158 1447 3203 terrarum
1482 3154 1739 3217 complexa
1770 3159 1863 3204 est.
1898 3189 2478 3209 ............
2661 3163 2719 3208 ⁴8

563 3250 664 3299 vii.
729 3250 813 3300 De
841 3246 1335 3309 Utica-Quatenus
1356 3249 1435 3297 vir
1456 3248 1616 3298 bonus
1636 3252 1840 3312 privatis
1862 3250 2158 3302 utilitatibus
2183 3256 2334 3317 possit
2355 3266 2480 3304 oon-

804 3326 1118 3377 sulem-ne
1145 3327 1365 3377 honestis
1387 3327 1673 3377 ambitionis
1706 3329 1910 3379 artibus.
1951 3366 2478 3383 ...........
2661 3339 2720 3383 56

567 3423 691 3473 v111.
742 3422 820 3476 Do
862 3423 1031 3475 Utilis
1051 3438 1170 3474 cum
1205 3425 1437 3475 Honesta
1473 3423 1891 3488 Comparationis
1896 3461 2477 3479 ............
2658 3434 2721 3480 60

503 3535 794 3585 (Ξοκοιυειο.
844 3571 856 3584 .
911 3570 2476 3592 ...............................
2599 3503 2604 3507 -
2659 3549 2720 3595 64

967 4260 1369 4295 2·m=.1==·il=3.-rrms
1398 4262 1509 4297 nu(
1540 4263 1598 4295 ιτ
1628 4264 1831 4310 tumtur,
1864 4266 1941 4300 vu
1974 4267 2170 4314 tucrum,
2202 4267 2266 4305 28.
