2984 4750
614 245 802 313 ..55-

159 411 269 503 pibus
278 410 421 494 Stoicis,
434 409 593 482 utilitate
605 410 770 482 officium
784 413 900 501 magis
912 409 1269 499 dirigendumquam

162 527 389 599 humanitate
406 526 590 597 censebat.
613 527 710 612 Quid
720 535 846 598 autem
855 526 1004 609 Cicero,
1021 525 1085 615 qui
1097 525 1268 594 eximiam

162 645 257 713 hanc
275 643 496 713 sententiam
510 642 662 712 retulit?
675 641 813 712 Annuit
823 641 984 720 silentio,
1001 641 1270 730 magistrosane

159 757 417 829 assentiens·
436 756 546 827 Plura
558 774 644 827 vero
656 756 703 826 de
718 757 832 827 servis
846 810 855 840 ,
867 756 906 826 in
925 756 1107 826 librorum
1124 757 1167 824 dc
1182 755 1265 847 Rep.

161 873 395 961 fragmentis,
417 871 593 941 invenias.
614 871 726 955 Nam,
745 892 863 962 quum
879 872 925 943 de
943 870 1186 962 imperiorum
1196 871 1271 940 dit-

158 976 316 1058 =terentia
334 986 560 1078 disputaret,
581 994 619 1056 et
640 985 752 1074 buius
776 985 831 1056 rei
846 985 1126 1056 similitudinem
1144 1005 1187 1054 ex
1204 1004 1271 1055 na-

161 1114 245 1174 tura
258 1102 420 1173 hominis
437 1110 659 1184 assumeret,
678 1112 719 1170 ut
731 1102 819 1190 filiis
830 1101 921 1171 dixit
937 1101 1107 1189 imperari
1120 1102 1272 1191 corporis

161 1218 334 1302 membris,
348 1228 487 1308 propter
496 1198 677 1288 obediendi
681 1215 898 1307 facilitatem,
919 1216 1060 1284 vitiosas
1072 1218 1273 1285 oeroooimi

157 1344 287 1422 partes,
308 1343 349 1401 ut
362 1352 476 1402 reram
485 1333 658 1422 asperiore
674 1333 819 1420 imperio
829 1336 975 1402 coerceri
995 1328 1060 1426 (l).
1080 1332 1200 1417 Quem
1216 1331 1273 1400 lo-

160 1460 379 1522 cumtotum
395 1450 523 1522 retulit
536 1451 649 1521 Divus
668 1448 891 1538 Augustinus
908 1460 1037 1521 contra
1055 1448 1128 1519 lul.
1147 1448 1266 1535 Pelag.

163 1563 228 1647 lV,
244 1565 303 1635 ot.
334 1594 347 1627 ι
366 1565 515 1634 Domini
532 1583 696 1647 servum,
718 1565 840 1635 aiebat
859 1564 1006 1650 Cicero,
1026 1566 1077 1659 ita
1094 1564 1268 1652 fatigant,

164 1708 177 1741 r
200 1688 242 1749 ut
256 1680 397 1770 optima
410 1699 495 1769 pars
509 1681 638 1770 animi,
652 1679 759 1750 idest
773 1681 965 1771 sapientia,
981 1681 1272 1770 ejusdemanimi

165 1823 179 1856 ι
206 1792 354 1863 vitiosas
376 1793 655 1884 imbecillasque
678 1803 819 1884 partes,
847 1803 890 1863 ut
916 1794 1088 1863 libidines
1110 1794 1269 1874 scilicet,

164 1937 178 1968 a
204 1916 246 1976 nt
272 1906 500 1990 iracundias,
530 1917 571 1978 ut
593 1907 890 1998 perturbationes
907 1920 1069 1980 caeteras.
1099 1938 1112 1970 »
1145 1908 1272 1998 ltaque

162 2040 309 2104 servos,
331 2030 509 2111 tanquam
522 2023 712 2112 iumenta,
728 2034 794 2094 aut
809 2026 904 2094 feras
924 2025 1067 2114 potine,
1084 2044 1127 2093 ex
1142 2025 1274 2093 huma-

164 2137 280 2206 nitate
297 2137 457 2225 quodam
474 2138 583 2207 modo
605 2138 715 2226 ejicit.
738 2139 807 2208 Ubi
824 2139 939 2226 igitur
948 2141 1026 2229 jam
1039 2140 1101 2209 illa
1119 2148 1175 2209 est
1191 2160 1273 2208 om-

152 2252 269 2349 nium
286 2251 480 2324 bominum
501 2272 587 2323 cum
613 2252 690 2322 Diis
708 2246 885 2324 societas?
906 2254 975 2325 Sed
992 2275 1035 2325 ea
1053 2255 1192 2324 servitii
1206 2275 1273 2325 ne-

163 2365 314 2438 cessitas
327 2367 550 2458 jampridem
564 2368 654 2440 adeo
667 2368 707 2440 in
721 2369 1029 2444 consuetudinem
1043 2380 1214 2454 verterat,
1231 2381 1272 2439 ut

161 2500 232 2558 nee.
254 2480 464 2554 Aristoteles
489 2480 620 2571 modo,
653 2484 716 2555 sed
735 2505 782 2556 ne
805 2487 884 2576 ipse
905 2486 1054 2577 quidem
1072 2487 1174 2557 Plato
1191 2506 1272 2557 eam

161 2596 314 2666 alterius
335 2597 449 2687 partis
471 2598 667 2669 hominum
685 2600 983 2690 depravationem
1004 2612 1146 2672 naturae
1159 2622 1271 2692 repu-

162 2730 276 2798 gnare
298 2713 464 2783 senserit.
494 2712 586 2783 Nam
608 2716 823 2787 servitutem
843 2726 1000 2807 uterque
1025 2725 1151 2788 tuetur·
1170 2737 1272 2789 com-

164 2825 389 2917 mendatque
398 2881 407 2910 ,
417 2837 456 2897 et
469 2827 514 2897 ad
524 2828 623 2899 illins
635 2850 747 2920 quam
762 2832 885 2902 animo
900 2833 1168 2921 excogitaverat
1182 2834 1272 2903 civi-

167 2941 255 3010 tatis
278 2941 447 3012 instituta
473 2946 737 3015 accommodat.
765 2944 942 3017 vincebat
967 2948 1067 3017 enim
1091 2948 1188 3038 apud
1210 2968 1272 3018 eos

165 3055 312 3145 publica
335 3057 486 3129 utilitas.
514 3059 587 3146 Qui
611 3079 698 3130 vero
722 3060 820 3131 ultra
842 3062 921 3151 ipse
946 3063 1117 3153 progredi
1145 3062 1272 3133 Cicero

164 3192 277 3244 ausus
298 3182 410 3257 esset,
430 3176 509 3259 cui,
535 3184 782 3266 praeterquam
809 3178 907 3268 quod
932 3188 1047 3249 totam
1065 3168 1209 3248 aetatem
1233 3180 1272 3247 in

163 3289 325 3376 gerenda
344 3289 432 3379 Rep.
457 3302 646 3379 exegerat,
672 3312 817 3383 semper
838 3305 923 3363 ante
944 3294 1070 3365 oculos
1087 3295 1273 3366 obversari

162 3403 293 3473 debuit
304 3421 433 3475 recens
444 3406 514 3475 ista
529 3405 717 3476 servilium
728 3407 909 3479 bellorum
927 3411 1127 3481 memoria?

195 3647 231 3714 (1)
248 3649 361 3712 August,
378 3652 409 3701 de
426 3653 499 3701 ctvtt.
511 3654 562 3710 Del,
581 3654 642 3715 xlv,
663 3658 701 3704 23,
