2984 4750
685 264 877 333 ..ffi-

229 430 371 503 niorem
395 431 525 514 istam,
553 449 626 522 qua
652 429 815 501 mundns
838 429 1058 516 tabesceret,
1086 452 1235 506 morum
1252 455 1337 508 cor·

225 546 419 637 ruptelam.
448 544 555 632 Quod
572 545 604 616 si
622 563 722 617 nunc
743 564 830 618 vero
846 546 1049 635 perlectum
1069 547 1183 633 illud,
1201 550 1340 642 inquo

224 661 498 734 menslrumana
506 660 687 753 quidquid
704 671 826 753 posset
841 661 1012 752 protulit,
1028 675 1335 750 monumentum,

224 777 430 851 Christiana
447 795 533 849 cum
549 775 716 849 doctrina
737 787 991 868 comparetur,
1013 798 1098 850 mox
1119 781 1158 850 in
1177 782 1335 853 salutem

223 893 392 965 omnium
404 894 569 983 gentium
586 892 745 980 oritura,
766 903 948 982 quantum
963 894 1059 964 inira
1080 895 1214 968 divina
1232 897 1335 968 illius

224 1009 412 1101 sapientiae
427 1008 693 1081 sublimitatem
708 1009 823 1080 altera
840 1010 911 1081 ista
921 1011 1044 1100 iacere
1061 1012 1269 1084 videbitur?

268 1126 488 1215 Quanquam
513 1122 687 1215 equidem
704 1144 788 1214 quaa
812 1135 889 1196 tam
915 1135 1040 1197 sancte
1063 1136 1213 1218 tamque
1237 1129 1334 1198 divi-

221 1240 321 1311 nitus
338 1240 383 1311 de
405 1239 572 1311 moribus
589 1258 632 1309 ac
651 1239 786 1310 virtute
803 1241 1045 1330 praeceperint
1067 1241 1175 1312 multi
1192 1261 1213 1312 e
1232 1252 1333 1313 vete·

218 1353 323 1425 ribus
351 1353 596 1445 philosophis,
638 1364 751 1444 atque
787 1354 826 1423 in
867 1354 996 1444 primis
1026 1354 1203 1427 Socratici
1236 1356 1328 1427 Stoi·

217 1470 345 1563 cique,
359 1470 511 1541 minime
528 1470 671 1542 elevare
692 1468 815 1539 velim.
840 1468 942 1556 Quos
957 1479 1086 1541 contra
1107 1470 1266 1560 plurima
1286 1472 1333 1542 de

219 1584 380 1658 hominis
403 1584 566 1674 origine,
594 1584 855 1675 propositoque
879 1584 962 1653 vitae
990 1584 1082 1668 line,
1108 1586 1269 1675 plurima
1286 1587 1332 1657 de

219 1701 286 1772 Dei
317 1710 469 1783 natura,
500 1701 739 1794 ejusdemque
771 1718 859 1770 com
889 1700 1104 1772 hominibus
1137 1702 1330 1787 societate,

219 1816 379 1906 plurima
395 1816 555 1906 denique
575 1815 621 1885 de
632 1814 780 1906 justitia
799 1835 884 1887 vere
900 1816 1125 1905 perspexisse
1142 1819 1329 1906 profiteor.

218 1932 288 2004 Sed
305 1931 371 2023 qui
391 1932 433 2001 lit
454 1940 600 2014 tamen,
623 1940 665 2001 ut
687 1930 851 2022 spectata
868 1930 914 2000 ab
941 1930 986 2002 iis
1004 1932 1138 2003 veritas
1154 1942 1219 2005 aut
1234 1935 1334 2005 intra

221 2046 355 2119 otiosas
384 2044 564 2136 gymnasii
595 2045 864 2135 disputationes
890 2044 1025 2132 agitata
1052 2049 1330 2134 permanserit:

91 2192 101 2201 “
222 2171 306 2246 ant,
333 2162 364 2233 si
390 2161 537 2252 qnando
563 2160 610 2230 ad
639 2179 749 2232 usum
781 2158 1001 2243 descendat,
1024 2161 1083 2231 vir
1103 2181 1221 2234 uuum
1239 2164 1333 2234 alte·

220 2296 349 2349 rumve
367 2285 587 2348 sectatorem
611 2273 682 2345 sibi
699 2274 970 2349 conciliaverit?
989 2275 1153 2347 Divortio
1170 2279 1331 2369 quodam

218 2394 381 2484 prolecto
398 2392 749 2481 contemplationem
763 2391 811 2461 ab
822 2390 967 2462 actione
988 2392 1208 2485 plerumque
1225 2414 1332 2485 sepa·

218 2507 457 2579 ratamluisse
469 2506 614 2578 dixeris.
633 2505 754 2594 Quam
767 2524 903 2598 pancos
921 2525 1054 2597 nempe
1064 2508 1103 2577 in
1121 2510 1273 2601 antiqua
1289 2530 1332 2582 ea

219 2624 450 2715 philosophia
467 2622 634 2695 homines
647 2622 835 2706 invenias,
859 2623 925 2713 qui
945 2624 1162 2713 simpliciter
1180 2627 1332 2716 quidex

217 2739 402 2829 disputata
422 2738 596 2830 opinione
621 2736 665 2806 ad
689 2737 947 2827 corrigendam
970 2739 1054 2809 vitae
1071 2741 1255 2814 rationem
1272 2763 1332 2814 re-

217 2855 305 2925 ferri
320 2863 463 2944 posset,
478 2856 710 2943 quaererent?
728 2851 801 2923 lut
817 2854 989 2943 quisnam
1006 2864 1088 2924 tum
1106 2857 1328 2941 mirabatur,

218 2972 249 3042 si
266 2969 455 3061 quisalius
473 2969 512 3039 in
525 2968 767 3059 disputando,
788 2969 978 3059 aliusque,
996 2990 1113 3059 quum
1131 2972 1177 3041 ad
1195 2992 1255 3043 res
1272 2994 1331 3044 re-

219 3089 451 3171 traheretur,
472 3086 551 3177 jam
568 3087 696 3157 fieret?
713 3127 754 3136 -
775 3086 904 3156 Merito
929 3105 992 3156 eos
1014 3087 1202 3176 sapientiae
1220 3090 1334 3160 cavil-

218 3204 352 3274 latores
374 3202 554 3283 Jacobus,
578 3219 735 3271 nausea
759 3199 957 3290 Apostolis,
982 3201 1115 3278 stolido
1133 3203 1211 3275 viro
1228 3225 1333 3275 com·

218 3319 390 3410 parabat,
422 3318 506 3408 qui,
535 3326 730 3407 postquam
752 3316 952 3406 imaginem
983 3337 1089 3389 suam
1116 3320 1155 3388 in
1181 3321 1332 3409 speculo

219 3432 482 3516 consideravit,
508 3432 691 3522 externplo
719 3432 813 3515 abit,
846 3433 966 3522 qualis
991 3444 1107 3517 esset,
1137 3435 1215 3524 jam
1241 3436 1332 3506 obli-

218 3563 279 3623 tus
297 3549 362 3646 (l).
390 3549 481 3619 Nam
503 3548 594 3639 quid
612 3549 759 3637 prodest
790 3550 980 3619 veritatem
1002 3550 1156 3633 vidisse,
1191 3553 1222 3621 si
1249 3571 1331 3622 eam

220 3800 390 3872 quaenam
421 3780 491 3851 ista
516 3791 572 3851 est
605 3781 756 3862 veritas,
791 3799 873 3869 quae
903 3780 1018 3850 ferme
1048 3781 1191 3851 inutilis
1219 3792 1331 3872 atque

220 3898 336 3969 otiosa
349 3899 487 3988 jaceat;
507 3904 735 3967 cumcontra
752 3894 967 3965 veritatisid
988 3897 1181 3985 proprium
1194 3896 1266 3979 sit,
1289 3906 1332 3968 ut

220 4015 446 4104 quicumque
467 4032 550 4083 eam
572 4021 659 4083 sunt
679 4011 822 4102 adepti,
846 4011 1029 4099 extemplo
1051 4010 1090 4080 in
1105 4010 1329 4082 immensum

254 4273 288 4339 (ι)
303 4275 381 4339 aptat.
394 4276 413 4335 r,
423 4280 466 4338 aa,
479 4279 517 4326 aa.
