2984 4750
601 255 792 331 ..53-

146 431 259 502 lerme
273 449 387 519 genus
401 425 607 499 humanum
619 428 658 496 in
675 429 804 497 eadem
821 427 970 498 demum
984 426 1142 498 civitatis
1154 446 1252 499 com-

146 547 325 618 munitate
345 544 664 634 complecteretur.
680 542 902 630 Dumigitur
914 541 1061 630 vulgus,
1081 542 1251 633 quodna-

146 673 230 732 tura
249 661 345 731 inira
360 679 442 729 eam
464 654 759 746 magnitudinem
774 657 892 747 jacet,
912 656 1030 746 patria
1046 655 1099 727 sic
1123 656 1161 726 in
1180 659 1251 727 im-

145 797 316 848 mensum
333 784 589 858 evanescente,
619 773 723 864 quasi
740 793 783 842 ea
804 771 990 863 periisset,
1010 771 1050 840 in
1070 771 1252 843 Caesarem

140 894 232 982 iam,
244 892 308 982 qni
323 910 389 982 pro
407 888 523 980 patria
537 908 676 979 proque
691 888 768 958 Diis
777 886 1111 975 indigetibuserat‚
1127 887 1252 957 omnin

145 1008 265 1080 studia
295 1013 552 1077 converterent
588 1026 596 1071 :
639 1002 896 1094 prudentiores
936 1021 1022 1072 vero
1062 1002 1249 1084 homines,

145 1121 324 1215 ademptis
343 1119 605 1191 minutioribus
617 1120 803 1208 majorum
818 1118 1013 1202 institutis,
1029 1117 1162 1188 melius
1171 1127 1251 1187 tum

145 1243 314 1312 latiorem
342 1237 451 1308 aliam
483 1237 728 1327 omnibusque
765 1235 977 1306 hominibus
1015 1255 1252 1307 communem

144 1355 330 1428 civitatem
357 1370 436 1422 esse
464 1360 704 1439 agnoverunt.
736 1349 1058 1437 Quemadmodum
1089 1352 1190 1422 enim
1208 1372 1251 1421 ex

144 1470 289 1540 infinita
309 1468 471 1539 Deorum
493 1467 667 1549 colluvie,
687 1486 781 1557 quos
800 1467 914 1538 Roma
929 1467 1067 1558 pariter
1083 1467 1123 1536 in
1146 1486 1250 1540 suam

145 1584 360 1672 religionem
374 1592 586 1672 exceperat,
602 1581 746 1658 lucilius
761 1581 872 1652 unius
886 1582 953 1652 Dei
968 1582 1182 1673 opinionem
1194 1603 1252 1653 ex·

142 1710 349 1773 ortamesse
358 1696 517 1771 libenter
526 1697 805 1780 affirmaverim3
826 1698 879 1767 sie
891 1705 929 1767 et
944 1697 1131 1784 Romanis
1149 1709 1249 1789 post·
1280 1681 1283 1685 ’

144 1834 257 1907 quam
281 1831 411 1887 omnes
434 1822 559 1900 gentes
580 1814 619 1883 in
645 1812 782 1883 Urbem
805 1813 1024 1885 confluxisse
1052 1812 1248 1898 vidissent,

142 1933 280 2004 elarius
303 1929 390 1999 inde
416 1928 561 2000 elucere
577 1930 705 2001 debuit
723 1930 877 2002 humani
895 1930 1038 2019 generis
1055 1931 1189 2000 unitas.
1204 1971 1250 1982 —

143 2048 262 2135 Quam
279 2055 402 2116 tamen
420 2045 613 2115 veritatem
632 2053 739 2115 antea
753 2045 882 2118 multis
900 2064 923 2113 a
940 2044 1168 2134 philosophis
1185 2045 1251 2116 de·

141 2166 282 2233 sensam
295 2158 482 2230 essehaud
494 2159 653 2247 negabo:
673 2180 833 2250 quornm
845 2160 1049 2250 principem
1063 2159 1250 2231 Socratem

140 2278 263 2367 ipsum
284 2275 493 2364 accepimus
519 2274 641 2346 dicere
668 2275 839 2361 solitum,
862 2295 898 2345 se
926 2293 995 2347 non
1012 2274 1249 2346 Atheniensem

142 2392 255 2475 modo,
265 2391 326 2460 sed
338 2391 440 2462 totius
452 2391 697 2464 mundicioem.
709 2410 781 2460 ease
792 2388 858 2486 (l).
876 2388 934 2460 Sic
946 2400 985 2460 et
1001 2389 1112 2461 Stoici
1129 2400 1249 2462 totum

139 2504 270 2577 orbem
285 2511 472 2576 terrarum
490 2505 734 2596 municipium
748 2525 857 2576 suum
872 2526 950 2575 esse
967 2503 1252 2595 profitebantur,

140 2620 210 2693 Sed
232 2631 370 2712 quanto
388 2620 425 2690 id
446 2620 675 2692 manifestius
692 2631 856 2711 apparet,
869 2631 1063 2711 postquam
1078 2623 1249 2709 revulsis,

139 2736 275 2828 quibus
289 2735 424 2825 singuli
439 2736 565 2826 populi
583 2737 995 2821 circumscriberentur‚
1015 2738 1147 2828 septis,

222 2995 226 3008 ,
307 2954 425 3004 Romanae
438 2955 548 3017 spatium
559 2958 597 3003 est
611 2953 695 3004 Urbis
706 2958 731 3003 et
750 2954 835 3004 Orbis
844 2955 930 3003 idem?

182 3135 427 3206 Communem
456 3155 541 3206 vero
570 3136 671 3206 illam
704 3136 875 3214 omnium
904 3138 1099 3210 hominum
1129 3138 1245 3209 socie·

133 3259 270 3334 tatem,
290 3252 572 3342 universamque
584 3253 854 3323 fraternitatem
871 3272 966 3343 saepe
982 3254 1021 3322 in
1040 3255 1111 3324 hoc
1124 3253 1252 3342 Opere

132 3367 256 3454 attigit
272 3367 410 3438 Cicero.
439 3368 547 3438 «Non
566 3369 656 3438 satis
675 3379 749 3451 est,
766 3369 833 3452 ait,
850 3369 985 3439 civium
997 3370 1148 3441 utilitati
1161 3391 1248 3441 con-v

134 3512 148 3545 »
174 3481 351 3564 suluisse;
366 3483 428 3553 sed
445 3493 483 3553 et
493 3483 697 3554 secundum
713 3495 884 3554 naturam
896 3492 970 3569 est,
991 3505 1057 3576 pro
1071 3486 1251 3556 omnibns·

134 3628 147 3659 »
174 3596 361 3685 gentibus,
387 3597 415 3667 si
435 3597 514 3668 lieri
532 3599 666 3689 possit,
686 3601 946 3671 conservandis
967 3612 1032 3672 aut
1048 3601 1239 3691 juvandis,

134 3744 147 3775 »
173 3712 352 3783 maximos
364 3713 523 3798 labores,
543 3715 803 3806 molestiasque
814 3718 1019 3807 suscipere;
1036 3717 1244 3788 imitantem

134 3857 147 3889 ι
175 3827 372 3898 Herculem
385 3829 512 3914 illum,
529 3850 640 3921 quem
656 3830 854 3902 hominum
866 3833 961 3901 fama
978 3833 1242 3904 beneficiorum
1277 3823 1280 3827 ’

134 3971 147 4002 ι
172 3961 317 4013 memor
345 3944 382 4012 in
406 3945 564 4014 concilio
585 3946 793 4016 coelestium
818 3947 1009 4018 collocavit
1026 3947 1118 4037 (lll,
1144 3947 1195 4043 5).
1221 3978 1233 4009 »
1336 3925 1341 3936 ⁸

164 4258 198 4325 (ι)
216 4262 280 4312 l‘lut.
292 4263 437 4324 deEril.,5.
