2984 4750
616 205 809 280 -57-

159 384 286 447 contra
299 374 475 465 disputet,
486 375 583 447 unde
595 396 683 467 opes
700 377 864 465 legitime
879 385 1071 466 parentur,
1089 397 1131 448 ac
1142 387 1262 468 prote-

159 510 230 563 nus
243 491 360 581 ipsam
376 509 506 562 rursus
525 491 717 562 Utilitatem
725 492 765 561 in
778 512 864 563 suas
880 513 1027 584 quoque
1044 502 1165 584 partes
1182 493 1265 565 des-

159 606 301 678 cribere
314 617 368 691 ,et
379 607 477 678 intra
487 608 606 699 justos
617 608 707 678 fines
720 609 928 695 reductam,
940 629 1026 681 cum
1037 610 1156 681 media
1172 631 1264 701 qua-

159 721 244 791 dam
268 723 457 793 honestate
483 741 703 812 componere
720 724 893 795 instituit.
918 726 1139 816 Plerumque
1165 725 1264 796 enirn

160 856 244 907 vera
265 838 426 909 bominis
450 839 589 909 utilitas
605 858 691 908 cum
721 840 876 911 honesto
893 841 983 911 adeo
1003 842 1262 933 coniungitur,

159 961 275 1024 utres
293 953 406 1025 altera
423 954 529 1024 alteri
546 954 748 1043 opituletur
766 978 774 1024 :
795 976 863 1026 nec
886 958 1048 1045 prolecto
1062 976 1106 1027 ea
1123 965 1264 1027 naturae

158 1087 285 1139 rerum
298 1068 480 1140 discordia
497 1079 553 1139 est
568 1067 690 1164 (quod
706 1069 818 1141 Stoici
833 1070 1055 1165 censebant)
1070 1126 1079 1154 ,
1097 1081 1139 1143 ut
1155 1091 1265 1142 nemo

159 1180 227 1252 sibi
241 1183 460 1273 caeterisque.
476 1185 718 1274 simul'possit
732 1188 949 1270 consulere,
970 1187 1069 1257 etad
1091 1188 1265 1258 virtutem

158 1297 271 1383 eniti,
299 1298 369 1369 nisi
395 1300 496 1388 prius
517 1300 586 1369 alia
612 1301 736 1370 omnia
759 1302 872 1371 animi
893 1312 1081 1374 momenta
1098 1321 1266 1393 compes·

159 1414 289 1483 cuerit.
313 1412 382 1484 Sed
402 1424 549 1496 contra,
569 1416 736 1505 quamvis
754 1416 949 1487 honestum
968 1418 1015 1487 ab
1033 1418 1134 1500 utili,
1154 1417 1265 1487 utile-

159 1546 232 1616 que
253 1525 300 1596 ab
326 1528 496 1618 eoquod
522 1529 643 1618 placet
667 1528 846 1618 distingui
867 1531 1017 1616 debeat,
1044 1533 1114 1602 ista
1141 1541 1264 1601 tamen

158 1642 282 1714 omnia
306 1643 400 1713 inter
413 1663 453 1715 se
469 1652 601 1713 natura
617 1643 818 1734 disjuncta,
840 1666 936 1736 soepe
956 1647 997 1717 in
1012 1647 1141 1717 eadem
1155 1666 1195 1726 re
1212 1648 1264 1717 ita

158 1758 455 1849 conjunguntur,
484 1769 525 1831 ut
547 1759 592 1829 ad
619 1779 736 1831 uuum
756 1761 869 1832 finem
886 1770 1071 1852 spectent,
1097 1762 1265 1854 ratioque

159 1893 244 1943 cum
261 1874 376 1944 animi
388 1873 578 1947 affectibus
596 1875 641 1945 ad
656 1875 692 1946 id
704 1876 947 1948 obtinendum
965 1888 1154 1967 congruat.

204 1986 393 2074 Quantum
416 2010 459 2060 ea
479 1990 631 2060 -virtutis
649 2010 735 2060 cum
754 1992 912 2062 utilitate
929 1994 1138 2083 coniuncta
1155 1994 1266 2064 iusti-

157 2102 270 2186 tutio,
296 2103 546 2175 Romanorum
577 2105 781 2194 praesertim
808 2106 975 2178 moribus
1005 2109 1263 2193 consenuerit,

159 2217 247 2289 satis
265 2229 427 2309 apparet.
448 2219 540 2307 Quis
558 2219 658 2290 enim
677 2220 880 2292 Romanam
895 2223 1085 2293 avaritiam
1102 2225 1264 2312 ignoret,

159 2333 427 2424 asperioremve
453 2335 557 2407 illum
575 2335 769 2420 Catonem,
797 2347 963 2411 veterum
979 2358 1128 2412 morum
1149 2348 1267 2411 secta·-

117 2436 118 2439 '
159 2460 300 2536 torem,
319 2450 356 2521 id
375 2471 492 2523 unum
513 2453 612 2543 quod
630 2452 699 2523 sibi
719 2455 921 2545 patriaeque
941 2457 1031 2527 utile
1045 2460 1268 2548 'essetspeo

158 2577 299 2639 tantem
311 2620 320 2652 ,
334 2587 453 2660 neque
463 2570 666 2660 quidquam
680 2587 746 2658 pro
764 2571 919 2642 honesto
935 2571 1153 2654 ducentem,
1169 2572 1267 2642 unde

159 2683 305 2755 nullum
328 2685 491 2757 fructum
518 2687 747 2777 perciperet?
778 2688 863 2760 lstis
882 2697 1007 2759 autem
1031 2687 1264 2770 hominibus,

159 2800 225 2889 qui
242 2798 440 2871 utilitatem
453 2812 538 2873 ante
550 2813 683 2873 caetera
695 2804 866 2875 omuiain
877 2802 1034 2894 publicis
1044 2802 1267 2894 privatisque

159 2915 269 2987 rebus
302 2926 623 3002 consectarentur,
654 2920 732 3009 jam
770 2927 955 2989 ostentare
990 2919 1106 2989 voluit
1138 2917 1267 2989 Cicero

160 3031 358 3121 quamdam
366 3052 445 3103 esse
456 3033 647 3104 honestam
662 3034 738 3104 suis
750 3053 899 3124 quoque
906 3032 1038 3124 opibus
1050 3031 1268 3104 consulendi

159 3146 362 3231 rationem,
395 3167 515 3238 neque
546 3149 636 3219 adeo
666 3158 903 3240 asperam-et
932 3168 953 3217 a
985 3148 1173 3219 communi
1197 3167 1267 3219 usu

160 3281 325 3333 aversam
336 3262 431 3333 riam
449 3264 595 3335 virtutis
614 3284 705 3336 esse.

209 3376 291 3449 Non
315 3378 361 3449 iis
376 3389 501 3449 tamen
517 3380 556 3450 in
584 3380 808 3451 utilitatibus
827 3390 973 3452 senator
998 3390 1268 3462 commoratur,

162 3513 245 3583 quae
266 3513 309 3564 ex
338 3496 502 3584 operosis
525 3495 667 3567 artibus
694 3496 835 3586 percipi
861 3496 1022 3586 possint;
1049 3496 1187 3586 quippe
1203 3495 1268 3586 qui

161 3609 259 3679 baud
282 3608 463 3699 ignobiles
483 3612 673 3695 homines,
693 3612 859 3682 artificiis
882 3611 1083 3700 negotiisve
1101 3611 1265 3692 deditos,

161 3723 225 3796 sed
243 3724 491 3798 adolescentes
505 3727 762 3798 tantummodo
779 3727 971 3817 splendido
987 3747 1030 3799 ex
1046 3729 1127 3797 loco
1144 3736 1265 3808 ortos,

161 3840 201 3909 in
230 3860 296 3912 sua
312 3842 514 3913 honestatis
533 3842 838 3926 adumbratione,
871 3842 1051 3932 respiciat.
1083 3841 1158 3912 Hos
1183 3857 1269 3910 vero

161 3954 294 4026 eximia
322 3975 408 4027 cum
430 3957 632 4028 subtilitate
652 3958 828 4041 addocet,
847 3957 981 4047 quibus
1000 3956 1106 4026 bouis
1128 3954 1269 4027 artibus

161 4070 355 4142 bominum
367 4072 512 4144 animos
528 4074 685 4164 quisque
704 4073 775 4144 sibi
792 4073 1009 4157 conciliare,
1022 4081 1060 4141 et
1076 4071 1122 4142 ad
1137 4070 1264 4160 Remp.

162 4205 247 4255 cum
272 4186 448 4273 dignitate
474 4188 647 4258 accedere
681 4189 807 4277 possit
844 4186 1127 4276 virtutemque,
1158 4185 1195 4253 iu
1224 4204 1268 4255 eo
