2984 4750
148 419 240 493 'tunc
258 422 408 491 demum
435 430 471 490 et
498 421 581 500 ille,
610 419 673 509 qui
698 418 736 485 in
756 416 858 504 help.
879 415 1001 484 locum
1020 401 1236 483 successerit
1245 453 1257 493 ·,

147 538 271 608 Caesar
285 555 392 607 norae
413 534 603 625 religionis
617 536 714 604 Deus
731 531 939 601 habebitur.

203 652 283 723 Uno
302 653 434 735 verbo,
456 668 601 741 semper
625 650 750 720 Romae
767 649 880 717 decus
902 665 944 716 ac
962 645 1115 715 felicitas
1132 664 1263 734 supro*
1314 653 1320 673 ‘

153 784 255 839 mum
265 768 373 850 illud,
388 768 487 858 quod
502 766 642 836 civibus
656 772 937 854 proponeretur,
950 761 1090 832 bonum
1103 779 1182 831 esse
1195 761 1264 829 ho-

149 894 373 974 nestumque
394 883 567 953 Romanis
576 883 695 951 visum
714 889 780 949 est.
800 879 868 948 Sed
882 877 1060 948 Tullianis
1080 876 1280 979 imprimis

152 999 403 1089 temporibus,
435 998 524 1088 quid
547 998 697 1078 mirum,
723 996 754 1065 si
772 1004 872 1064 tanta
886 1013 928 1063 ea
951 993 1078 1063 civitas
1099 993 1264 1081 adeoque

155 1114 359 1205 splendida,
370 1124 408 1184 et
419 1123 520 1183 tanta
537 1112 644 1183 laude
655 1112 844 1182 cumulata
863 1110 1004 1180 civibus
1019 1109 1095 1179 suis
1109 1110 1187 1198 jam
1198 1126 1265 1196 pro

150 1230 299 1300 caeteris
315 1229 488 1299 omnibus
506 1228 616 1298 rebus
636 1227 771 1296 luerit?
789 1226 968 1313 Quaenam
985 1234 1066 1294 tum
1079 1223 1266 1313 pulchrior

154 1344 302 1414 virtutis
321 1361 462 1413 merces
478 1362 558 1411 esse
578 1341 721 1430 potuit,
741 1360 851 1429 quam
870 1338 933 1408 illa
949 1338 1064 1409 totius
1086 1337 1263 1421 civitatis,
1299 1430 1301 1435 ,

150 1469 220 1529 aut
233 1459 355 1548 potius
371 1458 523 1539 mundi,
547 1457 783 1547 approbatio,
804 1464 932 1544 totque
950 1456 1134 1525 bonorum
1149 1455 1268 1543 splen·

155 1575 244 1655 dor,
268 1575 400 1664 quibus
424 1573 753 1662 praestantissimus
779 1572 935 1660 quisquc
963 1575 1183 1658 augeretur?
1205 1578 1269 1639 aut

152 1690 240 1779 quis
253 1691 329 1778 jam
347 1690 501 1758 alteram
520 1689 635 1757 vitam
654 1688 916 1767 desiderasset,
932 1705 1048 1775 quum
1067 1685 1125 1755 sui
1140 1684 1269 1754 saltem

153 1804 318 1874 nominis
334 1804 483 1874 laudem
502 1803 673 1891 ingentis
691 1822 766 1872 suar
780 1802 1064 1892 perpetuitatem
1081 1800 1269 1870 aeternita—

154 1928 308 2008 temque
334 1917 457 1988 Romae
475 1937 557 2007 spes
582 1928 678 1988 esset
697 1918 942 2007 prorogandi?
959 1916 1094 2003 Quaeve
1119 1934 1270 2005 prorsus

152 2034 273 2102 altera
293 2034 370 2122 jam
388 2034 598 2104 animorum
622 2034 880 2102 immortalitas
901 2033 1022 2122 potuit
1045 2020 1268 2120 excogitari,

157 2167 242 2237 quoe
251 2148 546 2236 magnificentius
560 2145 1271 2237 omniumresponderetexspectationit

208 2263 301 2334 Cum
318 2264 433 2353 igitur
450 2263 631 2355 quidquid
648 2264 827 2335 virtutum
848 2263 972 2333 Romae
1001 2271 1213 2361 supererat,
1230 2264 1270 2331 in

157 2399 241 2451 eam
260 2380 387 2469 patriae
410 2381 601 2451 caritatem
626 2379 821 2450 defluxisse
847 2380 1056 2461 videretur,
1084 2379 1271 2451 Ciceronis

155 2504 261 2577 erat,
288 2497 414 2584 patriae
434 2496 550 2585 ipsius
567 2496 830 2577 amantissimi,
846 2515 926 2564 eam
946 2494 1048 2584 Reip.
1070 2495 1270 2566 utilitatem

160 2630 271 2700 supra
293 2611 418 2680 omnia
437 2611 597 2698 erigere,
625 2611 831 2680 secundum
849 2630 961 2700 quam
986 2605 1129 2697 singula
1154 2611 1192 2680 in
1214 2632 1270 2681 or-

158 2725 248 2795 dine
266 2725 385 2795 officia
398 2725 755 2815 infracomponeret.
777 2724 954 2815 Suprema
970 2745 1057 2814 ergo
1074 2725 1170 2815 apud
1184 2747 1270 2797 eum

159 2861 204 2910 ca
219 2840 351 2928 agendi
367 2841 422 2910 lex
438 2850 517 2911 est:
545 2842 765 2931 quandoque
779 2842 856 2930 jam
874 2841 918 2910 de
935 2841 1092 2911 civitatis
1105 2862 1269 2913 commo·

161 2955 219 3026 dis
234 2956 376 3042 agitur,
402 2965 534 3025 coetera
549 2956 673 3026 omnia
689 2955 937 3045 posthabenda
953 2955 1051 3026 idem
1072 2958 1272 3029 arbitratur

166 3068 327 3166 (illm),
344 3070 451 3140 velet
469 3072 585 3161 ipsam
597 3069 663 3140 filii
681 3071 718 3139 in
736 3079 927 3159 parentem
939 3072 1124 3160 pietatem.
1147 3108 1158 3136 a
1175 3072 1272 3159 Quid

167 3234 178 3246 ,
206 3185 328 3268 enim,
356 3186 498 3275 inquit,
523 3186 554 3254 si
579 3187 811 3275 tyrannidem
834 3206 1035 3276 occupare,
1060 3188 1091 3258 si
1115 3191 1270 3278 patriam

166 3332 181 3364 ι
207 3299 363 3391 prodere
380 3300 579 3370 conabitur
604 3306 727 3390 pater?
752 3301 921 3372 silebitne
938 3302 1062 3372 filius?
1087 3303 1162 3374 imo
1188 3325 1272 3375 vero

168 3447 180 3478 »
206 3416 414 3488 obsecrabit
438 3427 602 3506 patrem,
630 3436 676 3486 ne
701 3417 738 3487 id
765 3419 884 3487 faciat.
914 3417 950 3488 Si
970 3419 1062 3488 nihil
1084 3421 1270 3508 proficiat,

166 3562 180 3593 ι
207 3532 413 3616 accusabit,
430 3533 632 3603 minabitur
644 3533 774 3617 etiam;
789 3535 834 3604 ad
846 3543 1072 3617 extremum,
1090 3536 1120 3604 si
1133 3536 1177 3604 ad
1194 3557 1273 3625 per-

166 3648 341 3718 ·niciem
368 3649 495 3738 patriae
522 3669 581 3718 res
607 3650 804 3738 spectabit,
833 3651 959 3739 patriae
987 3651 1144 3720 salutem
1169 3662 1274 3723 ante·

168 3795 179 3825 ·
208 3774 320 3852 ponet
333 3765 442 3834 saluti
457 3764 572 3854 patris
592 3763 691 3861 (lll,
712 3763 793 3859 23).
813 3797 824 3827 ι
853 3765 966 3835 Totus
983 3767 1042 3836 bic
1061 3766 1164 3837 locus
1181 3768 1274 3836 Bru-

168 3879 270 3949 tiuus
284 3888 354 3963 est,
371 3880 612 3971 Romanoque
630 3880 938 3970 hominedignus.
958 3880 1001 3950 ht
1020 3882 1170 3970 plurimi
1186 3904 1275 3972 prae-

166 3997 268 4059 terea
292 3990 355 4059 alii
375 3991 447 4062 loci
474 4002 698 4074 occurrunt,
726 3992 789 4062 ubi
812 3993 850 4062 in
870 3994 1102 4063 teterrimum
1124 3992 1277 4065 Caesaris

162 4107 375 4196 exemplum
395 4107 584 4178 invehitur
603 4108 671 4195 (ll,
692 4110 763 4179 7-
783 4103 850 4191 lll,
863 4106 948 4203 ll),
968 4127 1171 4200 necemque
1188 4130 1275 4201 pro*

165 4221 246 4304 bat,
262 4222 530 4313 exterritosque
545 4223 705 4293 facinore
723 4223 976 4294 interfectores
992 4223 1121 4312 erigit,
1141 4226 1276 4297 contirss
