2984 4750
588 260 785 330 ..31-

131 432 261 502 Noster
293 431 493 520 expromit3
529 442 682 519 remque
712 431 876 519 primurn
911 430 1131 518 generaliter
1158 451 1238 500 am-

130 547 276 636 plexus,
293 545 473 634 singulari
491 545 763 634 moderatione,
783 556 824 619 ut
841 545 880 614 in
899 545 1048 615 homine
1065 564 1233 627 rumano,

131 661 316 751 praecipit,
336 680 419 750 quae
447 661 558 730 etiam
588 661 758 730 adversus
786 661 909 730 hostes
937 661 1162 731 observanda
1195 660 1247 731 sit

128 776 282 867 justitia.
302 775 443 845 Bellum
473 794 606 865 nempe
641 785 768 845 monet
793 776 841 844 ob
872 793 954 844 eam
982 776 1242 845 tantummodo

131 908 279 960 censam
297 891 591 980 suscipiendum,
611 901 651 962 ut
670 891 749 960 sine
774 889 912 980 injuria
938 888 1102 958 vivatur:
1121 909 1242 980 neque

133 1006 234 1094 prius
249 1005 294 1074 ad
308 1020 409 1074 arma
426 1008 623 1095 confugere
636 1007 893 1095 licere,quam
910 1007 1045 1076 trustra
1063 1005 1241 1094 discepta-

132 1119 272 1187 tionem
299 1117 343 1186 ad
372 1120 643 1207 componendas
672 1120 756 1189 lites
785 1118 1031 1187 adhibueris:
1058 1118 1115 1186 vix
1140 1127 1243 1207 parta

132 1242 256 1302 autem
270 1234 440 1318 victoria,
457 1235 538 1322 paci
549 1254 700 1324 prorsus
713 1232 982 1304 consulendum
994 1288 1003 1316 ‚
1014 1234 1240 1323 devictisque

133 1349 344 1418 nationibus
357 1348 696 1439 parcendum‚quae
717 1349 763 1417 ad
777 1345 1012 1437 imperatoris
1028 1349 1138 1419 fidem
1156 1367 1242 1422 con·

132 1463 303 1550 lugerint.
339 1500 367 1513 ··
400 1462 482 1548 Quo
505 1463 656 1552 quidem
678 1463 763 1552 jure
791 1462 976 1550 gentium,
1003 1464 1097 1533 nihil
1123 1464 1245 1534 verius
1312 1525 1315 1530 .

134 1577 400 1667 pulchriusque
411 1597 569 1666 usquam
585 1577 781 1647 inveneris.
805 1576 874 1647 Sed
891 1596 997 1660 cum,
1019 1578 1076 1647 his
1091 1579 1240 1668 positis,

133 1701 189 1760 tot
205 1691 299 1760 bella
311 1692 487 1761 continuo
505 1692 544 1760 in
560 1692 776 1761 memoriam
790 1700 1010 1774 occurrunt,
1029 1692 1237 1762 allumanis

132 1806 269 1895 iniuria
287 1816 455 1896 suscepta
469 1806 754 1896 profligataque,
771 1807 851 1877 istis
866 1807 945 1897 jam
961 1807 1244 1878 difficultatibus

132 1921 351 2010 impeditus,
367 1941 447 1990 rom
467 1922 584 1990 levius
597 1921 764 2009 attingit,
780 1932 892 2011 atque
910 1923 955 1991 ad
974 1923 1045 1991 alia
1059 1923 1223 1993 deflectit
1234 1948 1247 2005 ;,

133 2036 343 2124 lacialisque
364 2035 460 2124 juris
486 2037 525 2103 in
552 2034 720 2105 lormulis
742 2024 1178 2125 commoratum'quibus
1202 2058 1246 2107 ex

134 2150 276 2238 legibus
290 2150 368 2240 jam
392 2151 478 2220 satis
496 2159 575 2220 erat
599 2150 739 2219 bellum
757 2151 827 2219 rite
850 2150 1108 2220 denuntiatum
1134 2153 1249 2222 fuisse
1300 2213 1305 2217 .

133 2272 171 2333 et
187 2265 386 2347 indictum,
411 2274 452 2334 ut
474 2285 540 2355 pro
556 2265 656 2354 iusto
681 2264 889 2335 haberetur.
912 2264 970 2334 Sic
988 2265 1027 2334 in
1047 2266 1156 2335 tertio
1178 2287 1249 2338 suo

134 2385 180 2452 de
202 2383 291 2470 Rep.
312 2383 425 2464 libro,
455 2391 650 2472 postquam
676 2381 894 2471 disceptatio
909 2382 948 2450 in
969 2384 1138 2453 eamdem
1164 2404 1246 2454 rem

135 2498 345 2580 incidisset,
364 2498 462 2567 idem
487 2506 636 2567 senatus
663 2498 809 2568 fraudes
827 2498 986 2586 quadam
1009 2499 1106 2588 juris
1124 2501 1248 2590 specie

134 2630 308 2682 excusare
325 2614 540 2696 conabatur,
566 2613 847 2703 debellandique
877 2614 1162 2701 perpetuitatem
1190 2623 1246 2684 tot

134 2726 412 2816 triumphorum
444 2719 641 2817 splendore
680 2725 744 2823 (ut
777 2728 828 2797 ita
856 2727 1003 2822 dicam)
1031 2727 1243 2798 involvere:

136 2827 289 2911 Romam
308 2842 464 2926 scilicet,
482 2842 591 2912 sociis
614 2861 760 2932 semper
784 2843 1039 2927 defendendis
1062 2853 1249 2915 terrarum

137 2958 306 3027 omnium
336 2959 490 3048 potitam
508 2977 588 3028 esse
611 2981 619 3028 ε
644 2958 839 3048 ipsamque
858 2976 940 3026 eam
956 2958 1248 3028 dominationem

136 3072 290 3143 devictis
303 3073 781 3164 gentibusproiuisse‚quas
791 3091 933 3163 sparsas
946 3073 1061 3142 Roma
1074 3073 1116 3142 in
1129 3090 1249 3142 unum

138 3188 356 3277 imperium,
372 3190 593 3280 easdemque
611 3190 778 3259 moribus
798 3209 840 3259 ac
857 3189 985 3275 lingua
1002 3188 1190 3258 discordes
1206 3188 1249 3257 in

137 3304 250 3373 unius
283 3307 464 3375 sermonis
492 3305 759 3375 commercium
790 3315 826 3374 et
852 3294 1122 3374 humanitatem
1157 3322 1252 3374 cuu-

138 3420 301 3489 traxerit.
325 3420 431 3507 Quod
454 3422 583 3491 saltem
604 3421 706 3490 dictu
729 3430 838 3491 tenus
855 3419 1061 3510 speciosum
1083 3429 1173 3489 erat.
1214 3462 1249 3471 —

139 3534 245 3603 Nunc
262 3545 385 3605 autem
399 3535 497 3626 quud
511 3536 654 3626 justum
667 3543 736 3618 est,
757 3536 891 3605 melius
907 3534 1039 3605 Noster
1056 3535 1246 3605 observat:

138 3658 250 3738 atque
269 3650 299 3718 si
317 3651 462 3739 quando
477 3650 522 3720 de
545 3649 701 3740 imperio
722 3661 787 3719 aut
800 3649 917 3737 gloria
934 3649 1157 3733 decertetur,
1181 3651 1252 3721 hoc

138 3763 278 3834 bellum
308 3763 433 3834 miuus
459 3755 589 3835 acerbe
622 3765 823 3853 gerendum
855 3783 934 3834 esse
959 3774 1104 3849 monet,
1138 3785 1250 3855 qnam

136 3880 171 3947 si
202 3887 390 3949 certamen
421 3899 487 3969 pro
521 3879 638 3950 salute
663 3873 712 3948 'ac
740 3880 910 3949 libertate
942 3888 1048 3948 esset.
1090 3879 1137 3947 lla
1163 3897 1253 3949 vero

137 3994 338 4065 humanior
366 3993 573 4064 debellandi
597 3995 691 4064 ratio
712 3993 932 4084 jamdudum
962 3989 1116 4063 Romam
1143 4011 1250 4081 pene

135 4119 239 4178 trare
256 4120 428 4198 coeperat.
452 4107 686 4180 AEmilianum
708 4108 809 4178 euim
837 4108 1066 4197 accepimus,
1087 4106 1253 4177 clarissi-

136 4243 243 4294 mum
256 4223 363 4294 illum
374 4225 527 4296 Panaetii
546 4224 772 4306 auditorem,
790 4223 971 4294 acerrime
987 4219 1251 4308 Carthaginem
