2984 4750
658 254 704 267 ...
732 215 853 286 37..

201 402 274 453 rem
294 392 468 453 terraram
496 402 566 452 erse
592 382 670 451 noto
696 380 761 477 (1).
781 424 826 435 -
842 381 1126 452 Οωῐιίυῑηνθτο
1152 380 1318 464 artium,¹

201 496 337 588 quibus
348 516 407 569 res
415 497 605 595 familiaris
619 497 745 586 augeri
755 496 1169 587 possit‚Agriculturam
1182 514 1319 579 unam·

202 632 315 702 quam
333 612 380 682 ab
397 612 489 684 urbe
505 612 653 684 condita
680 612 955 702 praeclarissimi
975 612 1044 682 viri
1070 611 1309 695 exercebant,

202 738 341 812 servat,
361 727 686 817 commendatque,
707 737 749 798 ut
771 727 921 798 homine
939 727 1056 800 libero
1074 728 1312 817 Romanoque

204 843 311 931 plane
322 843 483 932 dignam.
1241 878 1243 883 ·

731 1164 784 1232 V.

204 1343 246 1393 Da
257 1344 330 1395 Boni
340 1344 466 1409 Matique
476 1343 663 1398 sanatione·
672 1344 774 1394 sublata
790 1344 898 1394 Deorum
910 1345 1071 1402 auctoritate,
1082 1332 1317 1407 immortalitatequs

234 1427 391 1485 animorum,
411 1425 501 1488 qulbus
521 1427 600 1476 virtus
615 1427 756 1483 sauciatur,
778 1435 881 1474 omnem
901 1425 955 1485 tam
975 1422 1113 1473 officiorum
1134 1426 1316 1475 institutionem

235 1504 360 1554 Ciceroad
370 1504 485 1555 decoram
495 1506 687 1555 ostentationem
696 1504 948 1567 approbationemque
960 1502 1092 1553 bominum
1105 1504 1214 1553 instruit.

614 1668 664 1713 lios
675 1667 786 1713 demeum
796 1677 932 1722 uquarum,
939 1672 963 1712 et
973 1666 1004 1712 ab
1016 1667 1080 1712 omni
1091 1666 1156 1725 quod
1167 1666 1278 1714 abhorret
1286 1666 1323 1713 als·

590 1740 715 1784 oculorum
734 1740 876 1795 auriumque
894 1738 1061 1796 approbatione
1081 1738 1206 1793 lupianus.
1224 1738 1317 1791 Status,

590 1813 713 1867 incessus,
724 1812 810 1867 sessio,
821 1810 946 1866 recantata,
957 1811 1049 1867 tultus,
1058 1810 1132 1864 oculi.
1142 1821 1255 1857 mmuum
1265 1822 1317 1856 ma·

590 1890 627 1928 tut
638 1887 732 1929 manant
740 1882 800 1928 iilud
809 1883 931 1928 decorum.

1003 1933 1059 1991 01Ἰ
1069 1934 1092 1988 l,
1108 1940 1142 1982 tt.

257 2094 309 2166 De
326 2104 484 2185 quatuor
506 2095 587 2166 istis
604 2094 821 2186 capitalibus
835 2093 1053 2176 virtutibus,
1073 2092 1171 2164 unde
1192 2092 1322 2164 omnio

207 2207 424 2281 officiorum
441 2228 574 2299 genera
601 2209 832 2293 exoriuntur,
852 2209 998 2299 longius
1019 2207 1171 2280 tortasse
1190 2227 1233 2278 ac
1249 2226 1324 2297 pro

208 2332 343 2395 nostrae
361 2325 682 2399 commentationis
699 2326 818 2419 spatio
832 2324 1086 2399 disseruimus.
1115 2323 1184 2397 Sed
1201 2325 1319 2415 place·

209 2439 272 2510 bat
289 2441 809 2532 tumpraesertimGieeronem
821 2444 939 2535 sequi,
953 2462 1034 2514 rem
1046 2441 1319 2533 acapiteitare·

210 2564 416 2644 petentem,
428 2566 471 2629 ut
482 2577 675 2650 uunquam
689 2569 815 2631 tamen
828 2558 1078 2630 minutissima
1091 2557 1322 2628 consectanti

210 2672 400 2755 excidant;
420 2683 530 2764 atque
551 2675 675 2745 omnia
691 2696 757 2759 ea,
773 2674 909 2766 quibus
922 2674 1005 2744 vitae
1019 2672 1210 2762 disciplina
1228 2690 1319 2744 con-

210 2786 364 2872 tinetur,
390 2788 527 2874 officia,
555 2808 599 2861 cx
621 2790 701 2881 ipsa
726 2790 888 2862 hominis
908 2798 1042 2861 natura
1066 2789 1316 2868 haurientem,

210 2904 591 2995 communitauquam
609 2904 791 2989 desorata,
811 2905 902 2976 etin
922 2904 1086 2994 singulas
1099 2904 1182 2973 vitae
1196 2901 1320 2975 condi·

212 3017 343 3102 tiones,
360 3027 402 3089 ut
415 3019 570 3090 totidem
582 3020 622 3090 in
635 3020 774 3091 rivulos
786 3019 1035 3091 diducentem.

261 3132 575 3225 Quadripertitam
587 3155 670 3205 eam
690 3134 834 3206 virtutis
847 3132 1161 3223 descriptionema
1172 3131 1319 3204 Socrate

214 3246 755 3335 primumconstitutamfuisse‚
765 3249 919 3339 ejusque
931 3247 1197 3338 discipulorum
1208 3247 1320 3337 scrip

212 3360 261 3430 tis
268 3380 364 3453 saepe
378 3363 598 3434 illustratam
607 3384 717 3455 supra
727 3351 896 3434 diximus.
909 3363 1075 3449 Quorum
1085 3370 1208 3432 autem
1216 3362 1320 3451 prin-

212 3495 300 3569 ceps
318 3476 440 3562 Plato,
462 3498 579 3568 quum
593 3479 742 3550 eosdem
756 3480 865 3568 iusti,
886 3477 1000 3569 aequi,
1025 3476 1186 3568 bonique
1202 3477 1324 3549 tontes

213 3590 371 3680 aperuit,
383 3590 518 3661 atinde
533 3592 677 3679 singula
687 3592 849 3662 hominis
859 3589 1183 3672 officiaderivaret‚
1195 3609 1269 3661 non
1283 3592 1322 3661 io

246 3801 280 3861 (t)
293 3800 427 3862 Nunquam
445 3800 529 3851 Romu
542 3804 681 3850 mercatura
697 3802 723 3848 in
738 3803 883 3861 contemptu
900 3801 935 3848 sic
946 3798 1031 3848 hahart
1043 3797 1114 3847 desiit
1122 3816 1129 3856 ;
1149 3799 1322 3860 principesque

213 3881 261 3929 airl
270 3881 388 3941 negotiari
398 3879 452 3941 lege
461 3880 561 3930 lionorii
574 3880 753 3942 Theodosilque
768 3878 851 3928 adlauc
863 3877 1066 3942 prohibebantur.
1080 3876 1161 3937 Quam
1172 3877 1323 3928 interdictio-

214 3971 274 4009 nem
281 3961 389 4009 seraaait
400 3960 427 4008 in
436 3959 519 4009 codice
528 3971 573 4010 suo
580 3960 736 4010 lastinianus
747 3971 835 4009 unam.
845 3985 868 3993 -
885 3978 895 4003 ι
906 3957 1080 4017 Notitiam,
1091 3954 1230 4006 natalibus
1240 3964 1265 4007 st
1275 3958 1323 4007 lo·

216 4051 336 4089 »norum
345 4037 402 4089 laea
411 4040 580 4102 conspicuos,
592 4047 616 4091 st
623 4039 787 4102 patrimonio
796 4038 907 4088 ditium
914 4074 922 4099 ,
930 4037 1111 4101 perniciosam
1121 4034 1244 4099 orbilius,
1252 4050 1322 4087 mer·

215 4118 385 4169 »simoniam
396 4132 516 4169 enarrare
530 4118 718 4183 prohibemns,
735 4125 765 4169 at
775 4120 845 4169 inter
855 4115 972 4180 plebeios
987 4122 1011 4166 st
1021 4116 1201 4179 aspectatores
1209 4116 1322 4177 sutilius

214 4216 227 4243 ι
239 4199 275 4249 ait
288 4198 401 4261 mantii,
412 4198 596 4262 amdmdiqne
606 4199 799 4249 commercium.
814 4216 865 4241 »—
877 4195 972 4259 Corpus
982 4195 1049 4246 luris
1060 4195 1142 4256 Rom,
1157 4195 1197 4256 lv,
1209 4200 1253 4255 63,
1265 4201 1289 4245 a.
