2984 4750
629 254 798 322 ..9-

158 419 441 492 existimandum
468 427 563 489 esset
590 419 779 510 aliquanto
808 419 993 492 dubitasse
1021 422 1166 493 dixeris.
1194 421 1265 493 Sua

158 553 244 607 vero
261 535 414 607 audacia
431 534 615 617 exterriti,
634 536 758 605 forsan
776 545 813 607 et
836 547 955 608 morte
980 536 1203 619 voluntaria,
1219 537 1266 607 ad

157 651 367 739 exemplum
380 650 550 734 Catonis,
568 660 776 740 susceptam
792 652 991 729 liberandae
1009 652 1110 743 Reip.
1128 652 1264 722 molem

158 787 179 835 a
194 786 232 836 se
247 766 524 848 detrectassent,
539 765 612 835 nisi
626 765 768 849 Cicero,
779 767 840 836 cui
850 767 998 838 animus
1010 768 1165 838 crevisse
1178 785 1265 836 cum

160 880 284 950 Romae
301 880 476 969 periculis
487 879 648 962 videtur,
662 881 867 952 amicorum
880 882 1052 952 virtutem
1071 881 1262 963 erexisset,

159 1004 197 1065 et
213 994 399 1085 quoddam
416 995 696 1083 desperantibus
714 995 820 1084 quasi
837 996 1048 1066 suscitasset
1070 996 1197 1087 patriae
1214 995 1266 1064 si-

159 1110 378 1181 mulacrum.
408 1110 683 1200 Ephilosophia
713 1121 838 1180 autem
867 1112 1016 1182 haurire
1053 1111 1261 1192 videbatur,

160 1223 257 1295 unde
274 1224 369 1295 vires
386 1224 468 1294 aliis
486 1226 691 1295 sufficeret:
713 1245 820 1308 nam,
840 1227 939 1296 inter
955 1227 1188 1315 negotiorum
1205 1225 1265 1294 in-

159 1340 327 1420 tervalla,
354 1339 400 1409 ad
425 1340 640 1411 inchoatum
665 1360 758 1430 opus
784 1341 947 1423 redibat;
972 1342 1012 1411 in
1038 1362 1080 1412 ea
1107 1340 1266 1410 medita-

159 1456 278 1537 tione,
310 1455 415 1544 quasi
444 1464 546 1539 cote,
576 1455 833 1525 fortitudinem
859 1457 1033 1537 acuebat,
1068 1475 1184 1546 seque
1219 1454 1264 1524 ad

160 1588 374 1659 supremum
388 1588 497 1639 sunm
512 1589 578 1658 pro
592 1569 762 1640 libertate
779 1571 993 1659 accingebat
1006 1580 1206 1641 certamen.

208 1685 336 1774 Itaque
357 1693 499 1754 remota
513 1684 724 1773 disputandi
740 1684 961 1770 subtilitate,
979 1696 1141 1782 spumati
1151 1685 1191 1753 in
1206 1683 1265 1753 his

160 1798 265 1869 libris
275 1799 449 1869 virtutem
463 1799 670 1881 adumbrat,
681 1821 755 1889 qua
769 1800 846 1890 ipse
856 1801 1072 1882 instructae,
1085 1818 1123 1868 se
1135 1816 1265 1867 rursus

159 1915 205 1984 ad
219 1915 559 2003 agendumstrenue
573 1917 612 1985 in
625 1917 805 2005 procellas
818 1917 995 1987 immittat
1010 1938 1018 1985 ε
1036 1915 1266 2004 pbilosopho-

160 2050 319 2120 rumque
334 2031 480 2121 scriptis
498 2030 754 2102 tantummodo
771 2031 809 2100 id
821 2030 997 2120 exquirit,
1026 2030 1125 2119 quod
1138 2048 1267 2098 sanan·

160 2145 217 2214 dis
243 2145 369 2234 patriae
396 2146 520 2228 malis,
551 2146 865 2235 restituendisque
895 2145 1077 2233 majorum
1101 2143 1267 2213 moribus

160 2260 335 2329 adhibere
366 2261 489 2349 possit.
535 2261 818 2349 Philosophatur
844 2258 1014 2348 quidem,
1052 2258 1116 2327 sed
1146 2266 1188 2326 ut
1212 2257 1267 2325 vi-

161 2395 246 2445 rum
271 2385 416 2451 πολιτικόν
444 2375 586 2458 decuit,
608 2376 711 2465 Reip.
736 2395 883 2464 qnoque
910 2375 966 2445 vel
995 2372 1033 2443 in
1051 2373 1127 2444 otio
1147 2372 1267 2443 inser-

162 2491 333 2562 rientem.

691 2864 748 2932 11.

161 3069 224 3131 Quid
240 3083 269 3120 ex
288 3070 408 3132 singulis,
434 3070 525 3132 quibus
548 3072 603 3116 tum
624 3066 703 3117 Roma
723 3064 922 3124 distrahebatur,
947 3065 1107 3128 philosophie
1126 3065 1215 3123 sectis,
1236 3061 1268 3110 ad

191 3150 371 3199 iustltueodam
388 3162 460 3199 suam
477 3147 576 3198 vivendi
595 3146 752 3208 disciplinam
761 3145 845 3194 Cicero
863 3149 994 3194 mutuatus
1007 3146 1049 3194 sit.
1061 3144 1175 3193 -Totus
1192 3153 1219 3191 se
1237 3140 1270 3190 ad

192 3230 327 3302 secundm
336 3231 420 3278 Sinam
431 3230 533 3279 Panaetii
546 3228 676 3277 convertit.

574 3422 699 3478 Epicureos
719 3421 742 3463 in
763 3419 861 3463 hortulis
876 3420 925 3464 auis
947 3419 1072 3475 iubeamus
1090 3419 1183 3472 dicere,
1199 3422 1270 3473 atqua

547 3494 618 3539 etiarn
631 3494 661 3537 ab
671 3492 734 3535 omui
744 3491 857 3536 societate
867 3491 941 3546 lietp,
950 3491 1018 3543 cujus
1029 3495 1118 3545 partem
1129 3500 1172 3532 nec
1183 3493 1271 3532 norunt

548 3563 635 3617 allam,
650 3573 810 3619 necunquam
825 3572 895 3606 nosse
908 3560 1046 3612 voluerant,
1058 3559 1177 3614 paulisper
1194 3557 1270 3601 laces‘

547 3640 612 3686 sant,
626 3632 946 3689 rogemusl’erturbatricem
964 3635 1042 3675 autem
1061 3630 1144 3674 barum
1165 3629 1270 3673 omnium

546 3716 624 3748 rerunt
641 3703 790 3747 Academiam
805 3708 922 3747 recentem
936 3711 1059 3745 exoremus
1078 3705 1104 3743 ut
1117 3699 1191 3742 sileat
1210 3695 1270 3741 Nam

545 3775 565 3819 si
575 3775 599 3818 iu
608 3786 636 3819 aa
645 3773 763 3826 invaserit,
772 3773 857 3818 nimias
866 3772 920 3817 adet
928 3771 1015 3815 ruinas.
1030 3770 1078 3826 (De
1087 3770 1140 3825 laq.
1149 3801 1157 3824 ,
1166 3769 1189 3824 l,
1200 3769 1243 3820 tt.)

212 3989 286 4059 lsta
303 3987 453 4076 quidem
472 3987 663 4076 praeiatus,
680 3986 758 4075 jam
777 3986 822 4054 ad
845 3983 1070 4073 propositam
1089 3981 1272 4068 discepta-

163 4104 300 4173 tionem
324 4101 449 4183 veuio,
473 4099 524 4169 ita
547 4108 589 4171 nt
604 4099 767 4187 primum
789 4097 950 4185 origines
974 4093 1134 4164 Tulliani
1150 4091 1287 4183 operis—

162 4224 345 4306 repetam,
362 4226 400 4285 et
419 4214 524 4305 qnasi
539 4213 702 4283 diversos
718 4213 857 4292 fontes,
875 4210 974 4279 unde
997 4226 1103 4277 suam
1122 4205 1167 4276 de
1181 4203 1272 4273 Offi-
