2984 4750
673 190 864 261 -53-

215 359 420 450 praesertim
440 359 533 441 loco,
548 358 597 429 ob
613 379 695 430 eam
714 380 794 431 rem
810 361 1000 450 praedicat,
1019 363 1119 451 quod
1137 362 1219 453 ejus
1237 385 1325 454 pro-

215 477 339 567 prium
352 477 401 546 sit
416 494 563 547 movere
580 477 884 565 approbationem
897 477 1092 549 hominum
1106 532 1117 562 ,
1130 481 1222 550 etnd
1237 501 1324 552 nos-

215 602 293 663 tros
306 610 395 663 usus
408 590 608 681 adjungere
629 590 695 685 (ll,
712 590 764 687 5).

265 706 307 776 ln
334 705 558 797 explicandis
579 715 703 781 autem
730 707 885 795 singulis
914 707 1076 778 honeste
1102 710 1214 801 huius
1247 733 1324 782 am·

217 822 366 893 bitionis
399 820 564 905 artibus,
604 822 768 912 primum
793 823 898 912 ponit
921 822 973 892 nil
1013 824 1135 913 aptius
1170 845 1249 897 esse
1279 829 1323 896 ad

217 936 480 1027 comparandas
512 935 741 1025 tuendasque
773 956 881 1026 opes,
925 957 1038 1027 quam
1074 940 1198 1029 diiiqi,
1232 942 1325 1011 nihil

215 1051 372 1124 alienius
411 1070 524 1141 quam
555 1050 685 1120 umeri.
729 1049 869 1122 Deinde
905 1052 1068 1140 singulas
1108 1056 1321 1140 facultates,

216 1168 354 1260 quibus
380 1167 551 1238 facillime
572 1167 767 1238 hominum
784 1167 905 1238 studia
927 1168 1112 1260 fidemque
1130 1173 1326 1261 complecti

219 1282 419 1375 possimus,
444 1281 573 1351 ordine
603 1282 726 1371 exigit.
740 1323 765 1332 -
783 1283 902 1353 Pauca
920 1283 1070 1373 quidem
1092 1284 1137 1354 de
1162 1287 1327 1356 Amicitia

216 1396 462 1489 comparanda
474 1396 534 1483 (de
550 1418 624 1488 qua
642 1398 730 1469 satis
740 1398 866 1488 jamin
879 1397 975 1469 libro
989 1399 1179 1494 peculiari)
1198 1401 1327 1490 :plura

219 1533 304 1585 vero
321 1514 367 1584 de
385 1513 509 1585 Gloria
524 1513 710 1603 loquitur,
733 1513 960 1603 amplissimo
984 1513 1047 1583 illo
1064 1514 1209 1585 virtutis
1237 1536 1328 1604 prae·

218 1629 305 1700 mio.
333 1628 452 1716 Quam
478 1628 599 1700 laudis
625 1627 834 1699 mercedem
863 1628 1013 1717 optimis
1036 1628 1124 1700 viris
1146 1631 1324 1712 ostendit,

219 1763 294 1833 quo
309 1744 395 1814 totis
412 1742 438 1811 ii
458 1741 598 1813 viribus
620 1741 866 1824 contendant,
886 1741 951 1812 sed
969 1761 1064 1825 eam,
1082 1763 1165 1833 quae
1179 1764 1328 1834 semper

217 1877 304 1929 cum
320 1858 455 1928 virtute
468 1855 688 1945 iustitiaque
705 1858 971 1945 conjungatur,
992 1858 1158 1945 gloriam.
1190 1890 1202 1919 ι
1220 1860 1328 1929 Nam-

219 2005 231 2036 ,
256 1993 347 2063 que,
364 1972 437 2054 ait,
458 1971 489 2041 si
506 1971 571 2062 qui
585 1969 821 2043 simulatione
838 1982 876 2041 et
894 1972 995 2042 inani
1008 1974 1275 2055 ostentatione,
1291 1985 1329 2045 et

220 2119 232 2151 »
257 2087 343 2160 dcto
355 2107 428 2158 non
448 2087 559 2158 modo
575 2106 758 2168 sermone,
780 2087 972 2157 sedetiam
992 2088 1108 2169 vultu,
1124 2089 1328 2175 segloriam

222 2231 233 2261 »
258 2202 435 2293 consequi
451 2219 556 2290 posse
576 2210 727 2286 rentur,
747 2202 984 2273 vehementer
1001 2213 1137 2273 errant.
1151 2203 1329 2292 Veraglo

219 2349 232 2381 i
259 2318 315 2387 ria
331 2316 473 2387 radices
490 2316 584 2405 agit,
604 2323 714 2406 atque
732 2316 845 2386 etiam
859 2324 1080 2407 propagator
1105 2340 1114 2386 ε
1144 2316 1236 2388 licta
1251 2338 1328 2389 om-

225 2463 237 2495 »
262 2432 323 2503 nia
341 2431 524 2514 celeriter,
544 2439 721 2520 tanquam
738 2431 893 2515 flosculi,
915 2432 1103 2515 decidunt,
1129 2451 1198 2502 nec
1212 2434 1330 2502 simu-

221 2547 375 2615 »latum
400 2553 519 2636 potest
536 2544 740 2635 quidquam
768 2562 848 2616 esse
874 2545 1096 2616 diuturnum
1124 2545 1189 2641 (ll,
1214 2547 1321 2640 12).-

223 2660 550 2749 Proximamigitur
559 2659 827 2730 actutissimam
837 2661 931 2730 viam
940 2663 985 2730 ad
997 2662 1144 2733 laudem
1152 2682 1231 2733 esse
1244 2663 1330 2731 inde

222 2774 429 2858 concludit,
447 2775 478 2844 si
494 2777 579 2865 quis
595 2774 633 2844 id
645 2783 746 2861 agat,
767 2786 804 2843 ut
814 2776 930 2864 quatis
940 2777 1062 2848 iuberi
1075 2777 1169 2860 aeid,
1183 2778 1325 2848 talissit.

224 2930 268 2941 -
288 2889 400 2960 Multa
416 2908 526 2980 porro
539 2890 584 2962 de
606 2891 791 2961 honorum
807 2891 970 2976 ambitu,
998 2893 1331 2982 largitionibusque

221 3004 410 3094 aptissime
426 3015 575 3088 monet,
594 3025 640 3075 ne
663 3026 706 3075 ea
730 3005 866 3095 quihus
891 3008 1078 3096 popularis
1096 3009 1213 3095 gratia
1227 3027 1330 3096 quar-

222 3121 319 3192 ritur
336 3122 514 3193 beneficia
527 3122 566 3191 in
584 3122 789 3211 perniciem
806 3122 1009 3209 largientis,
1025 3132 1090 3192 aut
1104 3142 1235 3193 eorum
1252 3124 1332 3211 qui-

223 3236 292 3307 bus
314 3236 423 3306 datur
440 3237 688 3326 corruptelam
702 3245 846 3306 vertant
864 3233 935 3330 (ll,
960 3238 1005 3306 15
1024 3246 1061 3308 et
1079 3236 1197 3331 seq.);
1217 3255 1329 3320 neve,

222 3371 342 3441 quum
352 3352 479 3440 juvare
493 3351 585 3421 alios
604 3350 709 3433 velis,
723 3350 815 3421 alios
827 3350 1007 3433 offendas;
1022 3382 1034 3413 ι
1049 3351 1332 3421 tundamentum

226 3499 238 3531 2
265 3466 367 3537 enim
389 3475 576 3556 perpetuoe
593 3465 923 3552 commendationis
939 3475 977 3538 et
998 3467 1103 3537 iamae
1118 3485 1197 3538 esse
1216 3466 1236 3535 J
1241 3467 1332 3544 usti-

227 3614 240 3646 ·
268 3581 359 3651 tiam
377 3580 449 3676 (ll,
465 3581 538 3674 20).
553 3614 566 3645 »
579 3580 810 3670 -Denique,
828 3590 870 3650 ut
881 3581 1005 3650 omnia
1021 3600 1096 3651 uiro
1109 3581 1220 3651 verbo
1234 3600 1333 3652 com-

225 3698 384 3791 plectar,
413 3697 538 3768 omnia
564 3716 647 3788 quae
672 3707 780 3768 antea
803 3696 1045 3787 descripserat
1066 3697 1187 3767 officia
1203 3716 1335 3767 rursus

225 3812 360 3902 repetit
376 3811 523 3898 Cicero,
549 3822 590 3882 ut
606 3812 762 3900 singulis
786 3811 875 3882 utile
893 3811 1050 3901 aliquid,
1067 3820 1243 3901 tanquam
1260 3811 1336 3880 vir·

227 3927 318 3998 tutis
334 3928 546 4011 stimulum,
571 3927 754 4016 subjiciat.

276 4042 396 4128 Quam
410 4045 509 4114 enim
524 4043 630 4134 pauci
648 4043 705 4114 his
718 4042 947 4132 temporibus
961 4042 1257 4124 lromineserant,
1270 4041 1337 4129 qui

227 4175 294 4232 sua
310 4159 472 4231 contenti
491 4157 768 4248 approbatione,
790 4158 976 4240 virtutem,
991 4154 1334 4262 nullaspepraemii,
