2984 4750
629 215 820 284 ..33-

173 378 362 468 amplexus
386 380 525 464 luerat,
549 390 677 470 utpote
695 381 777 452 aliis
795 382 1100 466 fructuosiorem,
1137 385 1280 475 sibique

175 492 220 564 ad
237 494 441 568 claritatem
459 495 651 588 aptiorem.
670 498 842 570 Senserat
854 499 955 570 enim
968 500 1114 571 nullum
1133 502 1280 571 virtutis

174 620 406 683 momentum
425 612 567 683 homini
586 614 707 684 acrius
735 625 866 684 natura
884 615 1013 684 datum
1036 635 1139 699 esse,
1168 636 1279 706 quam

176 726 378 816 ingenitam
401 728 524 811 illius,
550 748 633 818 quae
654 730 813 821 publicis
838 731 877 799 in
895 730 1007 801 rebus
1024 741 1277 821 comparatur,

171 842 302 929 gloriae
323 842 556 932 cupidinem;
584 845 826 935 eamdemque
850 865 931 915 eam
958 865 1089 933 magna
1113 857 1150 918 et
1170 848 1281 918 utilia

172 957 409 1045 aggrediendi
426 959 653 1028 voluntatem
670 979 713 1029 eo
731 959 848 1047 magis
866 959 1094 1043 increscere,
1114 982 1188 1051 quo
1203 983 1281 1031 ma-

168 1075 231 1164 jus
245 1074 431 1145 theatrum
448 1074 611 1157 daretur,
631 1084 668 1145 et
690 1074 856 1164 plurium
881 1075 1165 1147 admoverentur
1181 1077 1282 1166 plau·

173 1210 237 1261 sus
250 1200 361 1282 atque
373 1190 579 1261 admiratio.
597 1190 689 1261 Nam
701 1210 797 1280 saepe
814 1190 1169 1281 fatebaturipsenon
1184 1193 1281 1263 ultro

172 1325 214 1376 se
233 1315 287 1377 tot
307 1305 450 1376 labores
468 1325 534 1395 pro
552 1305 688 1376 civium
706 1307 849 1389 salute,
875 1315 1003 1396 totque
1021 1305 1185 1396 pericula
1200 1327 1283 1377 sus·

174 1421 332 1512 cepisse,
349 1420 421 1491 nisi
435 1423 596 1511 amplam
607 1420 694 1491 inde
704 1421 914 1492 mercedem
927 1421 997 1491 sibi
1014 1421 1126 1492 affore
1139 1440 1283 1511 speras-

175 1546 252 1619 set,
275 1536 441 1625 gloriam.
461 1535 578 1625 Atque
594 1535 681 1605 binc
694 1554 866 1617 exorsus,
883 1544 1045 1623 togatam
1063 1535 1165 1606 illam
1183 1538 1283 1608 lorti·

175 1649 343 1720 tudinem
356 1647 527 1720 laudibus
536 1650 547 1739 (
556 1658 597 1719 ut
612 1649 787 1720 victorem
798 1649 963 1721 Catilinae
973 1648 1115 1746 decuit)
1126 1652 1281 1735 extollit,

178 1765 219 1834 in
237 1784 310 1855 qua
328 1764 546 1854 plerumque
563 1763 661 1833 baud
678 1765 860 1836 minorem
878 1773 989 1854 atque
1005 1765 1043 1833 in
1062 1764 1192 1835 bellica
1208 1766 1282 1834 vir·

174 1888 255 1950 tute
271 1879 505 1968 splendorem
519 1879 637 1949 inesse
657 1880 850 1968 magnifice
869 1878 1106 1949 demonstrat

121 2008 127 2015 ·
223 1992 350 2065 Virum
384 1992 523 2063 bonum
550 1992 664 2080 igitur
697 1993 767 2063 sibi
795 1993 1025 2082 fortunaeque
1054 1992 1283 2081 superiorem

94 2150 100 2157 ·
176 2111 256 2181 lieri
269 2108 395 2200 iubet,
422 2126 496 2178 non
521 2116 563 2179 ut
583 2108 622 2176 in
640 2107 771 2195 ignava
796 2127 835 2177 se
851 2107 1055 2177 indolentia
1071 2107 1282 2190 contineat,

172 2225 238 2295 sed
266 2224 400 2295 melius
417 2231 564 2306 contra,
600 2223 631 2292 si
659 2231 763 2293 vacet
788 2222 834 2290 ab
857 2221 960 2291 omni
985 2220 1281 2310 perturbatione,

173 2339 315 2410 civibus
332 2338 409 2410 suis
429 2339 514 2410 inde
532 2338 705 2429 prodesse
721 2338 848 2430 possit.
882 2336 1007 2409 Civem
1032 2355 1185 2427 nempe,
1213 2356 1282 2407 nec

173 2446 454 2546 philosophum,
473 2474 633 2543 eumque
646 2454 830 2535 advitam,
846 2473 967 2543 neque
985 2452 1030 2521 ad
1044 2452 1208 2523 scholam
1222 2454 1282 2522 in-

172 2570 321 2643 stituit:
342 2589 416 2641 non
442 2569 644 2658 sapientem
674 2588 762 2656 ergo
789 2587 917 2639 rerum
941 2568 1191 2651 incuriosum,
1218 2568 1282 2637 sed

173 2686 359 2775 placidum
377 2685 455 2755 vult
466 2704 546 2754 esse
561 2694 671 2773 atque
690 2683 941 2773 intrepidum,
971 2682 1063 2772 qui,
1087 2682 1281 2772 siquando

171 2798 220 2869 ad
246 2800 373 2889 Remp.
404 2800 618 2881 accesserit,
644 2809 733 2870 tunc
760 2800 884 2886 legum
910 2797 1063 2881 similis,
1091 2799 1282 2888 praesentis

170 2915 288 2984 animi
305 2916 362 2985 vel
378 2916 477 2985 inter
494 2914 673 3003 procellas
690 2921 817 2984 utatur
831 2912 986 2984 consilio
1001 2963 1018 2996 ,ι
1032 2932 1153 3004 neque
1182 2933 1202 2981 a
1221 2933 1282 2983 ra-

173 3029 273 3100 tione
291 3047 457 3119 unquam
476 3028 650 3099 discedat.
679 3028 766 3097 llam
792 3027 942 3097 demum
973 3027 1087 3097 animi
1108 3036 1281 3098 constan-

172 3143 264 3214 tiam
283 3142 497 3223 adumbrat,
526 3162 637 3232 quam
668 3162 689 3210 a
718 3142 908 3213 communi
934 3141 1184 3212 Romanorum
1211 3162 1280 3213 usu

172 3258 377 3348 proximam
401 3257 570 3328 homines
600 3277 674 3327 non
704 3258 809 3347 sequi
839 3257 948 3328 modo
972 3256 1137 3346 possint,
1162 3258 1281 3328 sedet

171 3371 298 3441 velint.
321 3371 461 3442 -Non
490 3370 626 3440 divitiis
654 3391 742 3459 ergo
766 3372 843 3463 jam
865 3373 992 3443 odium
1022 3371 1175 3454 indicit,
1206 3392 1280 3442 non

171 3485 303 3576 opibus
317 3503 457 3576 :neque
472 3485 665 3576 pecuniam
682 3486 729 3555 ad
747 3486 841 3557 bene
856 3486 1053 3568 vivendum
1065 3496 1190 3557 censet
1201 3506 1281 3558 esse

171 3602 361 3687 inutilem,
387 3611 451 3690 aut
476 3610 733 3692 paupertatem
751 3622 816 3692 per
841 3623 879 3672 se
905 3603 1144 3693 expetendam
1169 3623 1275 3673 esse:

170 3718 234 3788 sed
256 3726 385 3788 contra
404 3719 443 3786 in
469 3716 638 3787 omnium
665 3735 792 3785 rerum
817 3715 1042 3788 abundantia
1065 3717 1281 3806 simpliciter

170 3831 401 3921 fideliterque
419 3850 462 3901 ac
480 3830 563 3900 vitae
582 3829 778 3901 hominum
795 3830 913 3901 amice
938 3831 1142 3921 sapientem
1159 3832 1280 3900 vivere

172 3966 289 4037 posse.
316 3945 483 4036 Semper,
497 3955 539 4015 ut
556 3944 729 4017 Horatius
749 3954 897 4036 postea,
917 3946 1015 4016 inter
1030 3945 1189 4016 nimium
1216 3961 1281 4036 pa-

170 4081 330 4153 rumque
349 4062 541 4132 honestam
560 4069 660 4131 tenet
688 4062 998 4142 mediocritatem3
1019 4080 1087 4129 nec
1103 4061 1281 4132 fastuosas

151 4176 299 4267 -Cynici
317 4177 462 4258 sordes,
482 4195 550 4246 nec
570 4175 740 4246 stolidam
755 4175 867 4246 Stoici
882 4176 1017 4266 pugilis
1028 4175 1282 4246 fortitudinem

1045 4292 1064 4349 3
