2984 4750
634 250 826 329 -22..

175 434 240 497 aut
254 420 287 497 si
301 419 387 517 quis
402 420 497 496 alius
522 424 703 496 atrociora
720 424 814 496 Stoae
837 433 1039 515 praecepta,
1067 425 1120 497 ita
1138 421 1282 496 vivendi

175 539 537 629 mosamrripuisset.
556 537 676 626 Quam
689 541 790 609 enlm
803 540 922 630 lepide
936 541 1150 629 rigidiorem
1160 541 1282 610 virum

175 653 282 725 illum
299 653 338 723 in
359 654 525 724 oratione
544 673 611 744 pro
627 654 778 724 Murena
803 654 1012 740 cavillatur,
1033 674 1119 726 cum
1136 655 1284 745 sapien-

175 777 252 839 tem
277 767 421 839 inducit
448 768 632 851 Stoicum,
651 789 762 858 quem
786 769 912 852 irasci,
938 779 1003 840 aut
1022 770 1190 852 exorari,
1218 778 1284 839 aut

178 874 337 971 placari,
356 890 421 951 aut
437 881 482 952 de
498 883 698 964 sententia,
719 884 788 954 etsi
803 882 854 952 ita
870 881 1007 956 rectius
1022 886 1090 967 sit,
1105 883 1283 954 decedere

176 993 275 1065 baud
305 994 457 1067 deoeatt
478 1037 526 1050 —
558 998 651 1067 Nam
676 997 755 1088 ipse
776 1008 985 1089 temporum
1014 999 1283 1086 hominumque

181 1108 339 1181 babebat
357 1111 557 1195 rationem,
577 1121 633 1196 et,
660 1112 879 1185 imminente
900 1114 1082 1205 procella,
1107 1113 1183 1182 orto
1205 1131 1284 1182 con·

181 1224 347 1297 tradebat.
359 1224 541 1299 Virtutem
562 1228 602 1298 in
628 1229 867 1301 declamando
893 1229 1044 1320 quidem
1063 1226 1226 1318 asperari
1246 1235 1285 1297 et

180 1339 227 1410 ad
244 1347 407 1411 extrema
425 1341 549 1412 diduci
567 1344 747 1415 tolerabat
766 1368 775 1416 ε
795 1344 913 1414 sedin
930 1342 1072 1432 agendo
1090 1342 1136 1412 ad
1156 1360 1285 1432 quam·

176 1454 263 1527 dam
303 1456 595 1531 mediocritatem
637 1459 886 1531 reducendam
923 1459 1092 1531 eamdem
1126 1457 1285 1528 arbitra·

176 1564 296 1642 batur.

225 1684 269 1755 ln
285 1683 343 1757 bis
360 1695 485 1757 autem
499 1685 715 1757 Olliciorum
730 1688 950 1779 libris,quos
966 1685 1090 1756 senior
1103 1686 1149 1756 ad
1164 1685 1283 1755 filium

175 1794 303 1869 Cicero
320 1800 540 1890 composuit,
553 1808 652 1871 totus
662 1803 739 1891 jam
750 1803 794 1871 ad
804 1804 971 1872 acriorum
981 1809 1132 1891 spectat.
1144 1799 1280 1889 Atque,

174 1907 319 1984 etiamsi
353 1913 500 1984 laudem
535 1915 726 2006 scriptoris
757 1917 817 1986 bie
845 1936 992 2007 quoque
1023 1917 1209 1985 affectasse
1243 1915 1282 1983 in

175 2027 356 2118 prooemio
368 2028 545 2113 videatur,
561 2031 695 2100 omissa
707 2041 832 2101 tamen
845 2032 1007 2120 perlecta
1024 2031 1087 2099 illa
1099 2050 1182 2120 quae
1197 2029 1282 2120 pul-

174 2141 397 2213 cherrimam
427 2145 645 2236 eloquentiae
671 2148 863 2216 materiam
887 2144 1047 2235 praebeat
1077 2145 1278 2235 sapientia,

174 2255 377 2328 modestam
396 2269 433 2328 et
456 2260 562 2350 quasi
589 2260 759 2331 secundae
785 2270 881 2330 notae
910 2261 1112 2343 virtutem,
1143 2259 1283 2350 filiique

175 2371 274 2443 retati
301 2383 411 2464 atque
438 2373 587 2460 ingenio
610 2376 949 2459 accommodatam,
973 2375 1179 2446 adumbrat.
1202 2375 1282 2445 Non

176 2486 361 2557 enimtam
376 2487 634 2579 philosophum
652 2508 764 2580 quam
777 2490 907 2572 civem,
925 2490 1195 2580 patriciumque
1206 2488 1283 2558 vult

176 2599 391 2673 informare,
411 2603 485 2674 Nec
506 2604 714 2693 segniorem
734 2604 901 2674 Scaevolae
921 2605 1199 2694 Tuberonisque
1220 2613 1283 2675 am

178 2712 261 2786 but.
286 2716 369 2786 Rufi·
382 2714 632 2789 fortitudinem
647 2720 724 2809 jam
739 2719 937 2809 approbat,
957 2718 1021 2807 qui
1043 2719 1209 2808 publicas
1226 2719 1284 2786 in-

177 2837 234 2900 ter
246 2832 437 2921 procellas,
450 2832 658 2904 baudseeus
675 2854 717 2903 ac
731 2833 762 2905 si
776 2834 912 2904 iterum
928 2834 1042 2904 Roma
1059 2855 1079 2902 a
1095 2834 1208 2903 Gallis
1222 2852 1284 2902 ex-

176 2955 414 3035 pugnaretur,
431 2947 581 3019 sublimi
593 2948 630 3018 in
653 2959 781 3044 aretela
802 2960 957 3020 mortem
972 2948 1225 3039 expectabant,
1245 2967 1284 3016 se

178 3061 265 3131 satis
283 3081 350 3152 pro
362 3063 479 3153 patria
488 3064 614 3134 fecisse
624 3085 710 3134 sane
721 3065 956 3146 arbitrantes,
968 3064 1000 3134 si
1012 3063 1283 3152 cumdignitate

178 3177 247 3267 ipsi
261 3179 559 3267 procumberent.
575 3180 851 3252 Adolescentem
865 3181 965 3249 enim
976 3180 1092 3269 prius,
1103 3176 1283 3269 quemad-

178 3293 331 3363 modum
345 3304 497 3365 strenue·
510 3296 704 3366 vivendum
718 3305 826 3379 esset,
847 3316 1045 3389 quamquo
1063 3295 1172 3364 modo
1190 3294 1282 3364 bene

178 3414 273 3475 esset
292 3407 546 3487 moriendum,
568 3408 691 3478 doceri
714 3411 888 3498 oportuit.
926 3454 961 3462 -
985 3405 1119 3479 Totum
1141 3428 1179 3478 se
1196 3426 1283 3495 ergo

178 3518 225 3588 ad
252 3519 372 3589 media
399 3538 441 3590 ea
459 3521 625 3592 Porticus
650 3533 829 3612 praecepta
854 3522 1057 3604 convertit,
1084 3521 1220 3611 quibus
1243 3521 1282 3590 in

178 3652 306 3702 omnes
322 3642 443 3723 partes
462 3655 548 3705 usus
564 3638 644 3706 vitae
657 3638 771 3727 possit
783 3638 1021 3719 conformari,
1039 3654 1195 3726 quaeque
1208 3654 1282 3704 ma·

179 3748 234 3835 gis
251 3747 297 3818 ad
313 3767 551 3820 communem·
562 3752 833 3823 iustitutionem
847 3759 1025 3841 spectent.
1047 3751 1144 3837 Quid
1157 3751 1196 3820 in
1215 3768 1284 3840 pu-

180 3863 287 3933 blicis
313 3864 440 3948 rebus,
473 3865 561 3955 quid
585 3868 624 3935 in
655 3868 825 3958 privatis,
858 3866 1056 3935 virbonus
1086 3884 1128 3935 ac
1157 3864 1284 3954 patriae

180 3997 307 4051 amans
324 4000 431 4069 agere
446 3981 589 4064 debeat,
605 3983 703 4072 quod
717 3984 765 4053 sit
781 3983 819 4051 in
832 3982 978 4071 Remp.,
995 3981 1094 4072 quod
1115 3981 1154 4050 in
1172 3981 1281 4062 cives,

180 4097 278 4185 quod
295 4096 333 4164 in
353 4116 480 4167 omnes
499 4097 610 4166 etiam
629 4099 797 4167 homines
814 4097 997 4179 officium,
1026 4095 1162 4187 quibus
1179 4095 1284 4165 deni-

179 4229 252 4301 que
283 4211 446 4281 honestis
472 4212 614 4281 artibus
633 4211 851 4282 domesticas
873 4230 930 4282 res
954 4230 1090 4300 augere
1116 4231 1158 4282 ac
1187 4212 1287 4281 tueri
