2984 4750
674 219 867 296 -gp-

219 408 407 484 prosperae
425 386 524 461 haud
540 385 628 457 satis
645 404 732 458 cum
747 404 792 456 ea
806 368 1045 474 providentie
1057 385 1232 474 opinione
1243 405 1331 455 con-

218 525 350 596 gruere
359 501 590 585 videbantur,
598 500 888 591 jamquidquam
897 499 1139 584 bonumesse,
1150 500 1330 591 nisiquod

218 623 431 703 honestum,
443 626 508 689 aut
520 617 661 689 malum
674 615 891 707 quidquam,
902 614 973 685 nisi
984 616 1084 705 quod
1099 624 1208 705 turpe
1216 626 1327 698 esset,

219 735 372 809 omnino
402 732 611 824 negabant3
639 742 862 822 caeteraque,
891 751 975 821 quae
1002 733 1112 820 vulgo
1142 730 1332 803 benamu

220 851 316 925 rnala
331 858 529 943 putantur,
551 867 625 920 non
652 848 691 920 in
710 857 864 931 natura,
883 848 946 918 sed
974 847 1013 916 in
1042 866 1134 916 vana
1156 846 1332 935 opinione

219 975 402 1041 constare.
424 1005 460 1019 -
480 963 550 1037 Sed
568 964 656 1056 quid
675 966 903 1054 sapientem,
927 981 1014 1034 cum
1038 961 1200 1033 adversis
1219 959 1333 1033 undi-

220 1102 295 1175 que
312 1089 480 1171 urgetur,
497 1087 578 1150 tum
594 1078 692 1149 mala
707 1079 809 1151 nulla
825 1097 904 1149 esse
921 1077 1108 1168 disputare
1121 1076 1250 1166 juvati
1267 1085 1333 1146 ant

221 1197 344 1291 potius
366 1195 450 1287 quis
469 1194 547 1286 lam
576 1193 622 1264 ad
649 1194 821 1266 stolidam
846 1195 942 1266 hanc
975 1190 1333 1281 argumentationem

223 1310 431 1401 confugiat?

405 1510 468 1560 Nam
480 1521 544 1559 vere
554 1521 626 1559 voces
637 1513 691 1559 tum
699 1507 802 1557 demum
812 1512 910 1570 pectore
919 1506 951 1556 ab
961 1509 1012 1556 imo

410 1588 564 1650 illiciuntur,
577 1592 602 1639 et
613 1589 716 1652 erlpltur
728 1600 850 1652 persona,
861 1590 947 1636 manet
957 1599 1007 1635 res.

273 1778 398 1865 Quum
425 1774 539 1863 igitur
563 1771 704 1843 videret
728 1771 856 1843 Cicero
882 1773 1123 1863 paucissimos
1146 1773 1331 1854 homines,

223 1899 288 1962 erut
312 1888 436 1981 potius
461 1886 648 1959 neminem
675 1905 773 1970 esse,
798 1896 932 1978 praeter
956 1887 1151 1970 Catonem,
1175 1888 1241 1977 qui
1268 1906 1333 1958 sua

223 2003 447 2089 conscientia
465 2011 679 2086 contentus,
697 2021 835 2094 speque
853 2004 955 2074 omni
967 2023 1010 2073 ac
1029 2003 1151 2074 divina
1167 2022 1238 2094 ope
1256 2003 1335 2074 des·

223 2121 372 2207 titutus,
394 2119 569 2192 virtutem
598 2128 721 2190 lamen
746 2118 865 2209 ipsam
894 2120 1192 2209 amplecteretur,
1221 2128 1335 2209 atque

223 2254 264 2311 ex
280 2253 319 2307 se
342 2243 441 2306 totus
455 2242 568 2317 esset3
584 2233 657 2304 alia
667 2233 743 2323 jam
762 2232 927 2322 undique
944 2232 1101 2323 sapienti
1117 2252 1184 2304 suo
1200 2233 1333 2323 quaerit

223 2346 410 2433 subsidia;
440 2347 737 2439 necquidquam
768 2347 935 2432 omittit,
951 2347 1049 2419 unde
1079 2347 1176 2420 vires
1205 2348 1336 2420 virtuti

224 2471 327 2540 intus
351 2464 442 2537 adeo
467 2463 591 2554 fragili
610 2463 831 2556 suppeditet.
858 2463 1007 2555 Itaque,
1022 2473 1157 2554 praeter
1171 2464 1336 2553 singula·

224 2598 304 2653 rem
325 2599 408 2654 eam
433 2579 668 2653 conscientiae
691 2580 970 2663 auctoritatem,
994 2599 1124 2651 rursus
1139 2580 1336 2651 hominum

224 2695 449 2787 quibuscum
466 2695 624 2766 vivimus
640 2695 854 2785 opinionem
877 2695 996 2790 (quod
1018 2696 1203 2786 plerisque
1215 2695 1336 2765 multo

224 2811 340 2886 satim
364 2809 456 2902 est),
476 2819 518 2882 ut
539 2809 765 2900 supradixi,
785 2810 958 2883 admovit.
976 2812 1128 2883 Nullum
1148 2810 1250 2881 enim
1266 2810 1337 2881 ho-

223 2924 335 3010 mini,
351 2934 462 3016 atque
481 2924 669 3016 inprimis
688 2924 873 3009 Romano,
895 2925 1018 2996 acrius
1035 2933 1268 2996 momentum
1293 2945 1337 2994 ea

222 3042 360 3116 civium
385 3060 537 3116 suorum
561 3042 825 3135 approbatione
852 3042 981 3113 datum
1002 3061 1081 3112 esse
1098 3041 1177 3130 ipse
1194 3050 1251 3110 sat
1273 3059 1337 3110 ex-

224 3163 351 3248 pertus
374 3157 512 3242 fuerat,
532 3178 606 3249 quo
638 3159 722 3248 quis
742 3159 788 3228 ad
815 3157 1013 3229 honestum
1039 3155 1203 3247 impelli,
1227 3162 1337 3226 autu

222 3275 324 3366 turpi
340 3274 519 3347 deterreri
534 3285 679 3367 posset:
698 3295 829 3347 omnes
841 3276 979 3368 quippe
991 3274 1160 3346 homines
1181 3293 1247 3345 sua
1265 3292 1334 3343 na-

222 3399 306 3462 tura
322 3388 500 3478 gloriosos
513 3409 611 3474 esse;
627 3409 819 3480 quumque
841 3390 912 3480 ipsi
932 3409 1059 3461 rerum
1072 3389 1194 3479 specie
1215 3387 1334 3479 pluri-

222 3524 327 3577 mum
341 3504 547 3595 capiantur,
564 3524 694 3577 rursus
707 3515 744 3577 et
763 3525 873 3577 suum
888 3505 1057 3576 habitum
1073 3504 1118 3574 ad
1138 3504 1334 3574 hominum

222 3621 349 3693 oculos
365 3639 588 3711 componere
601 3622 740 3693 solitos.
754 3622 877 3710 Quam
890 3621 1028 3692 multos
1042 3619 1170 3710 etipse
1182 3619 1330 3701 videris,

222 3755 355 3827 magna
379 3754 474 3827 saepe
497 3736 667 3828 bonaque
687 3737 736 3807 ob
754 3756 836 3808 carn
859 3755 940 3807 rem
959 3743 1105 3806 tantum
1122 3743 1333 3805 consectan-

222 3861 294 3937 tes,
319 3850 421 3944 quod
445 3851 484 3923 in
510 3853 722 3943 spectaculo
744 3861 886 3938 essent,
912 3859 976 3921 aut
1002 3849 1132 3922 saltem
1158 3868 1236 3920 esse
1266 3869 1336 3940 pu-

222 3972 374 4041 tarenti

270 4084 360 4172 Quae
382 4092 506 4154 antem
534 4102 620 4155 cnm
643 4082 692 4153 ita
718 4081 810 4164 sint,
827 4082 911 4171 quis
933 4081 1011 4173 jam
1032 4078 1201 4151 Ciceroni
1219 4080 1333 4170 possit

221 4196 464 4288 exprobrare,
482 4197 582 4287 quod
600 4214 705 4268 snam
732 4195 938 4274 officiorum
957 4195 1189 4285 disciplinam
1218 4212 1333 4286 prope
