2984 4750
694 225 888 291 ..50-

238 419 251 450 »
268 389 443 478 mustOtl.
457 388 485 472 l,
499 390 542 460 17
548 401 571 478 l.
584 420 595 450 s
609 388 650 458 Et
660 408 770 478 supra
788 410 796 456 ε
818 389 962 474 «Quum
976 392 1099 461 omnia
1116 393 1258 463 ratione
1270 397 1348 463 ani-

210 534 212 540 =
238 523 400 593 »moque
410 502 590 587 lustraris,
601 504 771 574 omnium
782 505 1111 576 societatumnulla
1121 510 1344 596 estgravior,

238 620 368 689 ‚nulla
380 619 518 702 carior,
542 638 654 710 quarn
673 638 716 688 ea
735 639 817 710 quae
844 639 930 691 eum
960 620 1048 711 Rep.
1069 632 1125 692 est
1142 623 1347 714 unicuique

236 744 447 804 »nostrum
469 733 552 805 Cari
566 745 652 805 sunt
672 745 861 824 parentes,
881 736 957 805 cari
979 737 1101 822 liberi,
1121 740 1343 829 propinqui,

238 849 463 919 »familiares
481 872 488 918 :
512 850 575 919 sed
589 868 717 919 omnes
736 851 903 920 omnium
926 851 1097 922 caritates
1118 856 1245 927 Patria
1271 876 1345 925 una

236 997 248 1027 ι
267 968 456 1056 complexa
467 975 523 1036 est
544 966 611 1061 (l).
631 995 643 1027 ι

284 1081 381 1168 Quid
390 1081 553 1171 prolecto
564 1083 683 1171 maJus
696 1083 1014 1173 opportuniusque
1022 1083 1137 1154 altera
1146 1087 1209 1156 illa
1217 1087 1346 1176 patriae

235 1198 413 1285 religione
425 1206 506 1265 tum
523 1197 643 1285 potuit
669 1196 858 1280 adhiberi,
878 1216 952 1287 quo
972 1207 1105 1268 caetera
1121 1194 1241 1271 ollieia
1260 1222 1344 1273 con-

235 1311 516 1400 vergerenttsm
529 1312 629 1382 enirn
643 1312 817 1382 omuibus
826 1323 1072 1402 compertam,
1085 1335 1157 1405 qua
1166 1317 1344 1405 singulari

236 1447 380 1518 semper
407 1427 558 1498 caritate
587 1427 741 1498 Romani
776 1426 931 1497 Romam
961 1449 1065 1499 suam
1101 1434 1340 1504 excoluerint.

236 1543 403 1629 Quorum
428 1542 458 1612 si
482 1542 631 1612 annales
649 1543 866 1627 revolveris,
892 1545 1031 1614 eminet
1056 1546 1193 1636 ubique
1210 1550 1345 1618 arden-

236 1657 401 1728 tissimus
417 1656 479 1725 ille
505 1656 633 1745 patriae
652 1676 756 1726 amor
777 1679 785 1725 :
808 1656 910 1747 Reip.
941 1659 1081 1728 utilitas
1105 1679 1172 1748 pro
1197 1681 1344 1733 summo

231 1774 314 1861 iure
329 1771 504 1851 habetur;
520 1790 631 1860 quam
648 1771 693 1840 ad
713 1771 911 1843 utilitatem
936 1773 1122 1856 instituta,
1142 1775 1263 1863 leges,
1286 1797 1344 1846 re-

236 1888 411 1974 ligiones,
444 1905 567 1957 mores
594 1885 733 1975 publici
764 1887 990 1978 privatique,
1024 1889 1148 1958 divina
1183 1891 1346 1982 denique

235 2005 468 2091 humanaque
482 2001 606 2072 omnia
619 2002 829 2073 flectuntur.
848 2004 959 2085 Nam,
979 2013 1020 2074 ut
1033 2004 1078 2074 de
1092 2005 1173 2075 aliis
1186 2016 1340 2089 taceam,

235 2137 413 2210 quorsum
439 2117 587 2188 tandem
610 2127 714 2188 vetus
737 2137 780 2187 ea
802 2118 931 2187 Numae
951 2120 997 2189 de
1023 2120 1136 2189 sacris
1159 2121 1345 2193 institutio

235 2234 433 2325 pertinuit,
448 2234 520 2303 nisi
531 2243 572 2303 ut
586 2234 708 2323 superi
725 2233 828 2322 lleip.
842 2234 912 2323 ipsi
926 2235 1167 2317 inservirent,
1181 2247 1220 2307 et
1234 2240 1343 2328 quid-

235 2347 325 2438 quid
335 2345 501 2436 patribus
518 2343 705 2426 libuisset,
726 2344 892 2433 auguriis
909 2344 1219 2419 confirmaretur?
1235 2349 1342 2436 Quod

237 2463 279 2548 Q.
293 2460 483 2544 Maximus,
495 2478 581 2529 cum
596 2478 715 2547 augur
727 2469 841 2543 esset,
855 2461 933 2550 ipse
946 2462 1066 2550 palam
1081 2463 1340 2551 profitebatur:

235 2578 372 2666 optimis
387 2576 519 2647 scilicet
530 2575 699 2664 auspiciis
716 2595 757 2644 ea
766 2576 857 2663 peri,
872 2594 949 2664 que
964 2595 1029 2663 pro
1049 2577 1143 2665 Reip.
1160 2579 1271 2647 solute
1280 2601 1343 2669 qe·

236 2703 418 2778 tueremur,-
449 2710 527 2780 quoe
560 2706 680 2761 contra
705 2691 825 2779 Remp.
862 2690 1002 2778 (ierem,
1034 2701 1153 2760 contra
1185 2696 1344 2782 auspicia

236 2808 317 2897 lieri
327 2805 393 2901 (1).
411 2805 734 2894 Postquamigitur
750 2789 915 2876 obsoleta
924 2807 1001 2893 jam
1016 2807 1200 2895 majorum
1212 2829 1342 2898 super-

237 2923 337 2993 stitio
350 2921 491 2992 nullam
507 2919 616 2991 iidem
634 2919 845 3003 obtinebat,
866 2921 1002 2990 restitit
1017 2930 1142 2992 tamen
1160 2925 1343 2996 sanctissi-

238 3058 342 3109 mum
359 3037 451 3108 illud
466 3036 623 3107 civitatis
641 3055 803 3117 numen,
830 3034 1068 3126 Romanaque
1096 3039 1264 3122 fortuna,
1297 3043 1342 3111 ad

237 3175 349 3248 quarn
361 3162 443 3223 vota
460 3170 637 3246 spemque
652 3169 756 3220 suam
770 3152 927 3240 populus
941 3163 1191 3224 converteret:

622 3345 768 3405 summique
779 3356 793 3392 o
805 3344 919 3392 Numinis
936 3347 1013 3394 instar

494 3421 581 3482 Roma,
599 3423 653 3474 lave
668 3425 764 3485 ereptis.

285 3586 362 3656 Mor
379 3643 388 3674 ,
408 3587 471 3656 ubi
486 3586 564 3677 ipsa
580 3587 644 3655 illa
661 3586 789 3656 civitas
805 3587 842 3655 in
862 3587 967 3659 bellis
984 3591 1153 3663 civilibus
1167 3593 1337 3684 perierit,

265 3860 300 3927 (t)
310 3862 365 3913 Jarn
378 3863 439 3913 ollm
454 3864 563 3915 Lucilius
577 3868 603 3914 in
617 3868 698 3916 satiris
710 3865 804 3915 dixerat
817 3886 823 3914 :

420 3968 511 4026 Virtus,
522 3970 610 4021 Albine.
624 3978 659 4017 est
667 3971 768 4029 pretium
778 3971 910 4027 persolvere
920 3985 1001 4018 verum
1003 4005 1044 4018 .....

420 4041 545 4087 Commoda
555 4049 665 4100 preterea
670 4042 761 4099 putrioe
769 4042 813 4087 sibi
823 4042 897 4098 prima
909 4050 1003 4100 putare,

423 4111 511 4156 Deinde
522 4120 655 4169 parentum,
665 4114 733 4158 tertia
740 4114 789 4167 jam
801 4119 964 4171 postremaque
975 4123 1061 4160 nostra.

264 4208 298 4266 (1)
311 4206 346 4254 ne
359 4207 466 4265 Senem„
477 4212 500 4257 t.
