2984 4750
597 229 793 306 ...27-

134 419 223 473 cum
235 400 397 471 Panaetio
414 400 704 493 Posidonioque,
721 401 888 473 retinuit.
905 444 942 453 -
955 401 1123 489 Quatuor
1134 398 1251 491 igitur

136 515 343 606 proecipuas
360 523 397 584 et
418 514 640 600 cardinales,
662 525 703 587 ut
723 518 792 587 boc
811 526 894 588 utar
904 534 919 602 ,‘
933 517 1089 588 virtutes
1117 519 1248 608 ponit,

138 649 222 720 quae
237 640 388 700 eaeteras
405 648 534 702 omnes
548 632 731 722 subjectas
749 633 1042 722 complectantur
1061 655 1070 704 ε
1094 633 1129 702 1·
1155 634 1252 704 Pru-

138 745 291 814 dentium
325 743 463 840 (quam
491 747 656 816 innatam
683 747 760 816 veri
798 746 1038 837 cupiditatem
1068 748 1254 837 appellare

137 855 304 953 malim),
327 878 399 947 qua
415 858 461 929 ad
479 860 748 950 exquirendum
774 861 864 951 quid
891 862 930 931 in
956 882 1103 961 quaque
1123 881 1164 932 re
1189 883 1251 954 po

136 970 321 1043 tissimum
350 973 523 1063 amplecti
546 974 696 1058 debeat,
730 977 985 1067 unusquisqne
1011 976 1251 1066 impellitur:

135 1127 181 1138 -
194 1086 445 1168 mortitium,
465 1090 505 1158 in
524 1108 597 1179 qun
615 1088 762 1160 virtutis
780 1090 954 1181 splendor
969 1100 1026 1162 est
1046 1091 1248 1176 maximus;

137 1198 276 1292 quippe
295 1222 378 1293 quoe
393 1222 697 1296 unumquemque
712 1204 903 1276 hominem
915 1206 1017 1278 intus
1034 1206 1080 1276 ad
1098 1204 1136 1276 id
1150 1205 1250 1298 quod

137 1315 279 1386 bonum
304 1325 362 1387 est
384 1318 569 1406 agendum
595 1320 784 1404 stimulet,
813 1320 1043 1411 vetandoque
1070 1341 1091 1390 a
1119 1321 1250 1392 frande

138 1429 332 1501 deterreat.
356 1475 390 1482 -
407 1431 443 1504 d·
451 1432 730 1518 Fortitudinem,
750 1435 871 1518 idest,
890 1455 972 1505 eam
989 1435 1117 1505 invicti
1134 1434 1250 1507 animi

137 1542 348 1628 elationem,
378 1567 460 1636 quae
487 1548 600 1618 nullis
628 1549 801 1639 periculis
833 1550 1178 1640 calamitatibusque
1201 1549 1250 1621 ab

137 1659 292 1729 honesto
306 1659 495 1728 deturbari
513 1661 654 1749 possit:
674 1702 716 1714 -
734 1663 769 1739 [Γ
791 1664 1079 1753 imperantium,
1098 1664 1250 1734 demum

136 1791 220 1863 quae
231 1773 335 1843 sedat
353 1775 467 1843 animi
482 1775 793 1865 perturbationes,
809 1777 1059 1867 voluptatibus
1075 1778 1246 1869 imperat,

137 1888 228 1958 alius
253 1899 399 1959 coercet
421 1899 532 1979 atque
562 1891 702 1979 abigit,
727 1893 817 1962 alias
840 1892 1049 1982 dispensat,
1071 1903 1108 1964 et
1125 1894 1249 1964 omnia

139 2003 246 2091 quasi
262 2004 397 2074 decoro
421 2004 524 2074 cultu
554 2004 659 2101 (κατὰ
680 2017 712 2081 τὸ
731 2006 864 2101 πρέπον)
897 2006 944 2076 ad
961 2026 1071 2079 suum
1097 2009 1249 2080 modum

136 2117 285 2206 redigit,
305 2127 342 2188 et
370 2120 535 2189 numeris
553 2120 726 2190 omnibus
743 2121 909 2191 absolvit.
930 2120 1073 2208 Quibus
1095 2141 1181 2192 vero
1208 2122 1248 2191 in

137 2232 293 2321 singulis
314 2234 479 2324 partibus
490 2235 681 2325 paululum
699 2235 924 2325 explicandis
943 2255 1244 2327 commoremur,

138 2367 287 2419 necesse
308 2361 373 2421 est.

186 2471 215 2542 l.
238 2474 448 2545 Pnuuuurn.
471 2513 511 2521 —-
531 2475 580 2545 Ea
596 2476 720 2547 omnia
745 2476 990 2567 perspiciendi
1008 2477 1165 2567 cupido,
1184 2494 1248 2546 re·-

138 2608 298 2678 rumque
315 2587 601 2680 expetendarum
624 2591 957 2682 fugiendarumque
972 2591 1153 2676 scientia,
1179 2592 1249 2662 bo·

137 2703 232 2773 miui
250 2705 430 2793 prolecto,
452 2706 557 2796 quasi
574 2707 713 2795 lampas
731 2706 913 2796 quaedam,
933 2727 954 2774 a
969 2705 1044 2776 Deo
1061 2704 1145 2774 data
1167 2711 1244 2790 est,

137 2837 212 2909 qua
226 2818 411 2888 vitaeviam
426 2821 638 2890 illustraret.
656 2819 724 2889 Sed
740 2837 857 2910 quum
871 2822 1012 2910 priores
1024 2818 1246 2910 philosophi,

138 2932 256 3003 nimio
277 2936 451 3005 noscendi
469 2936 592 3008 studio
607 2936 780 3026 impulsi,
806 2955 960 3005 omnem
977 2954 1105 3006 curam
1127 2935 1165 3004 in
1189 2950 1253 3002 res

137 3046 313 3118 obscuras
329 3050 567 3141 difficilesque
585 3105 593 3134 ,
621 3050 842 3139 easdemque
861 3069 935 3120 non
960 3048 1048 3119 satis
1069 3049 1114 3117 ad
1133 3047 1252 3116 vitam-

137 3164 379 3247 necessariaS,
398 3166 657 3249 contulissent,
685 3184 815 3235 rursus
832 3164 925 3235 Stoae
946 3163 1134 3253 principes
1150 3161 1251 3246 viri,

137 3275 297 3347 &cratis
314 3280 493 3369 exemplo,
509 3281 726 3369 sapientiam
743 3298 763 3348 e
779 3279 872 3347 coelo
890 3277 1094 3367 alienisque
1108 3277 1166 3347 bis
1186 3295 1249 3346 ar-

137 3391 240 3462 tibus
255 3393 505 3475 devocarunt,
533 3414 575 3463 ac
597 3394 642 3464 de
661 3394 732 3463 vita
747 3403 785 3462 et
802 3392 968 3463 moribus
982 3411 1148 3481 quaerere
1164 3411 1251 3461 eam

136 3517 348 3594 coegerunt.
368 3507 413 3577 At
426 3528 474 3578 ne
487 3509 557 3597 ipsi
567 3508 719 3598 quidem
734 3507 887 3576 modum
901 3505 941 3575 in
954 3506 1024 3575 hoc
1039 3505 1248 3586 retinuere;

134 3621 308 3712 Zenoque
326 3623 481 3693 Cittieus
495 3676 505 3705 ,
521 3624 559 3692 in
581 3622 804 3712 Reipublicae
821 3641 898 3691 suae
921 3621 1119 3709 prooemio,
1138 3629 1250 3690 cete-

135 3756 196 3807 ras
227 3737 436 3828 disciplinas
462 3738 652 3821 liberales,
684 3756 767 3826 quae
797 3735 1048 3805 curiositatem
1075 3736 1250 3805 inutilem

134 3863 325 3936 moveant,
353 3873 473 3944 neque
488 3855 582 3924 viam
600 3854 645 3923 ad
663 3853 836 3923 virtutem
851 3860 1037 3933 sternant,
1063 3870 1083 3920 e
1101 3848 1250 3918 civitate

134 3987 202 4038 sua
222 3969 369 4039 videtur
387 3972 539 4042 omnino
555 3969 767 4059 repudiasse
794 3968 860 4062 (l).

167 4229 201 4295 (1)
211 4231 279 4292 Diog.
292 4231 388 4291 laert„
398 4231 448 4291 Vll,
460 4235 501 4280 «ttt
