2984 4750
588 222 778 293 ..13-

133 389 258 460 minus
275 388 489 461 Ciceronem
507 398 676 458 nostrum
693 389 863 478 antiquas
884 386 1039 459 virtutes
1056 386 1134 477 jam
1151 384 1209 458 res
1230 424 1243 438 ·

133 523 219 575 vere
237 504 448 575 studentem
462 556 471 586 ,
485 490 808 603 detinere‘debnit.

183 617 232 687 ll.
262 618 336 687 Nec
362 616 478 704 magis
509 617 549 686 in
580 615 782 686 Academiae
805 615 1026 700 'curriculis‚
1060 616 1105 685 de
1140 634 1242 685 more

134 749 219 815 suo,
251 731 380 802 Noster
396 741 646 802 commoratus
665 741 744 814 est,
769 732 867 801 unde
885 730 937 799 nil
960 729 1052 800 certi
1072 730 1118 799 ad
1134 730 1243 800 insti-

134 846 310 917 tuendam
320 828 415 917 hanc
430 864 578 916 morum
589 846 823 935 disciplinam
839 844 1036 934 decerpere
1050 845 1239 934 potuisset.

135 958 323 1046 Quantum
341 962 440 1030 enirn
459 960 665 1031 Academici
682 970 720 1031 et
738 960 971 1050 Peripatetici
986 961 1032 1029 ab
1050 970 1245 1032 auctorum

134 1093 287 1145 suorum
311 1075 418 1145 laude
443 1084 480 1144 et
508 1074 678 1145 instituto
701 1095 783 1145 mox
810 1074 1064 1158 discesserint,
1087 1085 1143 1145 sat
1166 1095 1246 1149 orn·

134 1187 245 1258 nibus
274 1198 516 1280 compertum.
551 1188 758 1259 Academici
784 1188 953 1278 quidem,
990 1189 1090 1260 velut
1114 1190 1246 1260 decisis

134 1304 294 1375 humiles
306 1305 450 1394 pennis,
465 1305 681 1393 desertaque
695 1301 880 1373 Socratica
897 1305 1070 1388 sanitate,
1086 1315 1246 1375 servata-

134 1439 207 1509 que
226 1427 370 1489 tantum
388 1419 547 1509 quadarn
561 1418 708 1488 dicendi
725 1418 929 1488 subtilitate
946 1420 1158 1502 Platonica,
1177 1420 1246 1489 toti

135 1553 175 1604 se
206 1534 252 1603 ad
269 1532 536 1617 dubitandum,
570 1532 894 1622 labefactandaque
923 1543 1057 1603 cuncta
1082 1534 1245 1603 scientiae

133 1647 372 1720 fundamenta
389 1650 623 1720 contulerant
644 1670 652 1717 :
681 1648 916 1739 Peripatetici
934 1669 1042 1733 vero,
1069 1648 1189 1719 orbati
1204 1649 1247 1719 li·

134 1763 212 1834 bris
235 1762 437 1834 Aristotelis
460 1773 497 1834 et
516 1764 784 1853 Theophrasti,
810 1765 1018 1854 horumque
1042 1764 1246 1835 luminibus

135 1887 173 1948 et
189 1878 347 1965 ingeniis
364 1879 526 1967 singulas
544 1888 581 1949 et
598 1878 788 1949 universas
806 1879 1019 1969 disciplinas
1033 1889 1246 1950 consectan-

135 1992 258 2076 tibus,
287 1994 552 2083 communique
577 1991 724 2064 vinculo
745 1994 1024 2083 copulantibus,
1047 2003 1088 2063 ut
1111 1995 1162 2064 ita
1189 1995 1248 2064 di-

134 2127 236 2192 cam,
257 2109 445 2192 destituti,
466 2109 643 2179 interiore
657 2109 769 2198 hujus
782 2108 1021 2198 philosophiae
1038 2109 1247 2197 cognitione

135 2225 331 2308 carebant,
361 2233 472 2314 atque
500 2234 676 2314 tanquam
703 2225 820 2314 spinis
842 2223 1030 2294 haerebant
1055 2224 1247 2294 exterioris

136 2337 325 2409 doctrinae.
344 2339 480 2408 Parum
493 2338 607 2427 igitur
620 2339 746 2427 gratiae
761 2339 800 2409 bi
815 2338 939 2410 Romae
954 2338 1158 2411 obtinuere.
1177 2338 1247 2411 Sed
1261 2392 1266 2399 .

136 2454 360 2524 Academicis
385 2455 515 2523 saltem
536 2453 631 2523 mira
652 2454 813 2524 restabat
830 2455 870 2522 in
895 2454 1051 2525 dicendo
1075 2457 1244 2534 ubertas,

135 2589 209 2658 qua
223 2568 379 2639 Romani
392 2577 465 2638 noh
484 2580 648 2639 oratores
662 2570 793 2651 modo,
809 2570 871 2639 sed
889 2569 1000 2638 etiam
1018 2569 1174 2659 quisque
1187 2570 1246 2639 in-

137 2684 245 2771 genio
256 2703 476 2773 morumque
487 2684 668 2772 elegantia
678 2684 1005 2774 praestantissimus
1020 2683 1249 2753 delectaban-

134 2808 209 2869 tur.
228 2799 442 2869 huculentis
455 2798 727 2869 hisAcadenriae
745 2798 1075 2887 disceptationibus
1091 2798 1249 2886 gaudere

135 2912 175 2984 L.
195 2913 365 2982 Lucullus
380 2915 419 2981 in
438 2913 567 3001 primis
582 2914 784 2983 dicebatur.
808 2912 978 2982 Placebat
995 2932 1082 2983 sanc
1096 2912 1148 2983 Μ.
1164 2914 1245 2983 Ter.

139 3021 322 3108 Varroni,
343 3017 611 3097 litteratissimo
628 3027 726 3108 viro,
756 3046 800 3095 ea
823 3026 999 3095 doctrinae
1019 3027 1175 3095 varietas
1193 3035 1251 3094 at-

137 3159 212 3229 que
224 3140 466 3230 abundantia3
482 3142 535 3213 M.
555 3152 681 3213 autem
691 3146 800 3210 Bruto
816 3140 1015 3211 Platonicae
1030 3140 1251 3229 eloquentiae

136 3254 346 3336 excelsitas;
367 3265 404 3325 at
416 3257 458 3325 C.
479 3258 573 3327 Aur.
587 3257 700 3337 Cano,
714 3276 828 3345 quem
845 3254 1068 3345 Epicureum
1085 3274 1123 3323 se
1137 3255 1251 3343 proii-

135 3369 208 3437 teri
223 3369 430 3457 puduisset,
446 3361 635 3440 honestius
645 3371 731 3440 inde
746 3390 880 3440 nomen
891 3371 1143 3441 mutuabatur.
1154 3369 1252 3455 Quid

136 3503 225 3553 vero
253 3493 308 3555 tot
336 3485 426 3555 alios
447 3486 580 3555 addam
605 3487 768 3556 illustres
791 3489 913 3568 viroS,
936 3487 1001 3575 qui
1026 3487 1065 3554 in
1091 3485 1149 3554 his
1170 3485 1251 3554 Aca·

136 3597 270 3667 demiae
306 3599 407 3670 silvis
443 3601 614 3670 decoram
642 3600 744 3689 Reip.
790 3599 957 3687 gerendae
994 3599 1252 3669 remissionem

134 3713 376 3803 quaerebant?
398 3716 484 3785 Post
503 3725 556 3786 tot
575 3716 759 3804 bellorum
773 3715 939 3785 civilium
957 3715 1076 3796 vices,
1091 3713 1251 3784 defessos

131 3829 211 3918 J'am
240 3828 476 3919 incertosque
498 3830 693 3920 plerosque
717 3830 869 3919 juvabat
896 3830 1060 3918 speciosa
1081 3848 1123 3898 ea
1143 3826 1251 3896 dubi-

10 3979 11 3996 .
135 3943 241 4013 tandi
260 3944 413 4013 scientia
429 3946 675 4035 acquiescere.

187 4058 407 4147 Quanquam
420 4060 621 4131 Antiochus
635 4059 813 4130 etPhilon
823 4058 1035 4139 Larissaeus,
1045 4056 1252 4127 novissimae

132 4174 342 4246 Academiae
361 4175 548 4263 magistri,
582 4176 826 4245 adulteratam
850 4174 959 4244 istam
983 4171 1250 4242 remissiorem-
