2984 4750
703 250 893 320 „12-

243 429 379 510 baert,
401 428 463 518 Ep.
480 427 531 510 X,
552 426 650 521 litii).
680 426 749 497 Sed
771 427 973 498 multitudo
989 446 1032 495 ex
1051 446 1094 496 ea
1111 426 1280 496 doctrina
1296 423 1349 494 nil

242 552 374 632 praeter
391 542 427 612 id
449 546 554 625 ἡδονῆς
578 542 807 632 propositum
829 543 1008 623 retinuit,
1035 542 1155 630 pravis
1172 541 1249 612 suis
1264 540 1351 610 libi-

241 656 402 738 dinibus,
415 656 612 746 voluptatis
624 656 789 737 nomine,
806 655 1149 726 accommodatum:
1170 655 1352 744 vulgoque

240 780 322 841 tum
343 771 466 841 Romae
484 770 652 860 Epicurei
669 770 888 841 dicebantur
899 769 1249 860 quicumque,quid
1263 768 1353 837 ami·

241 886 395 969 sissent,
415 885 548 973 quidve
573 886 612 953 in
629 895 820 975 posterum
846 884 1087 954 metuendum
1106 892 1204 954 esset
1220 901 1352 973 parum

241 999 453 1082 studentes,
481 1000 520 1069 in
544 1000 619 1070 otio
642 1020 684 1069 ac
709 998 852 1070 deliciis
876 1018 1026 1069 omnem
1048 999 1162 1069 vitam
1182 1008 1353 1068 contere-

242 1113 342 1184 bant.
359 1114 572 1202 Magistrum
590 1114 735 1184 vivendi
751 1114 1027 1184 Archestratum
1048 1113 1214 1203 plerique
1232 1121 1353 1183 secta-

242 1228 391 1311 bantur,
420 1229 526 1318 cuius
551 1240 732 1320 praecepta
756 1229 802 1299 dc
822 1229 932 1301 lautis
953 1228 1072 1318 epulis
1097 1228 1204 1319 qnasi
1226 1227 1355 1317 Epicu-

242 1362 391 1414 reorum
398 1353 561 1441 Θωγονιαν
578 1364 657 1415 esse
667 1343 858 1413 dictitabat
871 1342 1354 1433 Chrysippus—Quantum

242 1459 356 1547 igitur
385 1459 594 1530 istiusmodi
628 1460 879 1549 philosophia,
911 1458 1049 1528 nedum
1080 1457 1187 1528 malis
1213 1457 1356 1548 aliquid

244 1573 399 1644 remedii
409 1573 568 1656 afferret,
588 1589 732 1643 morum
749 1583 877 1642 contra
889 1572 1138 1663 corruptelam
1148 1571 1353 1653 adauxerit,

242 1689 351 1758 iacile
371 1687 556 1778 conjicias.
579 1688 741 1756 Perierat
761 1687 861 1755 eninr
879 1688 1012 1776 pudor,
1039 1707 1159 1776 neque
1173 1686 1250 1776 jam
1279 1686 1356 1756 ulla

242 1811 433 1891 supererat
469 1801 654 1890 opinionis
691 1801 911 1883 auctoritas,
956 1810 1152 1891 postquam
1190 1801 1357 1890 perditus

246 1917 404 2009 quisque
422 1916 559 2005 tlagitia
582 1914 885 2005 impietatemque
901 1915 1061 2005 quodam
1079 1917 1266 2005 sapientiae
1289 1935 1357 2005 pa·

247 2031 403 2101 trocinio
425 2039 626 2102 excusaret.
659 2029 837 2098 Immanis
859 2049 947 2119 ergo
972 2031 1096 2101 Romae
1115 2032 1209 2111 luit,
1230 2041 1274 2102 ut
1289 2050 1357 2101 cae·

246 2155 324 2216 tera
344 2146 491 2229 omnia,
512 2164 658 2215 morum
674 2143 895 2234 depravatio.
917 2144 1014 2231 Quid
1032 2154 1156 2216 autem
1177 2156 1356 2235 praeterca

248 2261 385 2330 mirum
400 2270 479 2343 est,
499 2261 596 2350 quod
612 2259 724 2330 iidem
741 2260 796 2329 illi
812 2270 979 2350 raptores
991 2260 1114 2342 orbis,
1137 2263 1202 2351 qui
1217 2261 1263 2331 ad
1280 2280 1358 2332 om·

246 2375 308 2445 nia
335 2377 449 2447 armis
472 2373 677 2466 superanda
705 2383 808 2444 tanto
833 2378 1042 2447 animorum
1063 2377 1204 2466 impetu
1227 2379 1357 2449 effere-

247 2491 395 2575 bantur,
415 2500 608 2582 postquam
623 2490 768 2580 Justum
781 2490 851 2559 sibi
862 2492 967 2580 quasi
982 2492 1201 2562 alimentum
1217 2492 1355 2576 deluit,

246 2607 375 2676 eodem
393 2606 557 2677 libidinis
574 2606 705 2677 ardore
732 2606 810 2695 jam
831 2626 870 2677 se
886 2608 925 2676 in
946 2608 1065 2677 otium
1087 2628 1129 2678 ac
1146 2627 1257 2679 omne
1270 2607 1359 2677 deli·

247 2720 387 2790 ciarum
400 2721 848 2810 genusingurgitaverin13
866 2723 897 2790 si
908 2720 1017 2792 modo
1031 2724 1189 2812 quisque
1203 2724 1262 2791 sui
1273 2739 1359 2791 con-

247 2833 439 2905 scientiam
463 2834 532 2904 ista
562 2835 739 2905 ebrietate
769 2846 940 2907 excutere
967 2843 1109 2925 posset?
1133 2838 1284 2909 Summa
1313 2835 1360 2904 iis

247 2958 327 3019 tum
354 2950 533 3039 sapientia
562 2948 786 3032 habebatur,
807 2949 1041 3022 libidinosam
1066 2954 1180 3024 vitam
1203 2953 1359 3022 delicata

247 3071 367 3135 morte
384 3064 503 3135 linire.
526 3065 574 3134 Ex
592 3085 667 3155 quo
682 3065 886 3154 praesertim
901 3064 990 3135 Cato
1007 3087 1045 3138 se
1059 3070 1188 3157 patriae
1197 3067 1360 3138 libertati

247 3186 488 3261 mactaverat,
509 3178 707 3268 quamdam
728 3198 847 3267 pravae
864 3179 1082 3252 imitationis
1101 3184 1359 3270 contagionem

247 3291 402 3362 Romam
419 3291 593 3361 invasisse
606 3291 751 3361 dixeris.
772 3292 841 3362 Sed
851 3293 949 3363 inter
963 3294 1160 3383 Epicureos
1170 3294 1360 3385 imprimis

248 3423 329 3474 eam
347 3402 572 3475 fastidiosam
591 3422 719 3474 necem
736 3405 868 3476 indies
883 3407 1050 3489 viliorem
1068 3408 1296 3480 consuetudo
1310 3408 1360 3477 le·

247 3525 349 3590 cerat
374 3538 382 3586 :
412 3535 498 3585 nam
530 3516 560 3586 si
592 3535 703 3605 quem
727 3518 877 3590 tandem
904 3520 1056 3592 taederet
1090 3539 1156 3612 per
1185 3521 1359 3592 eumdem

247 3631 390 3714 somni,
425 3630 519 3713 cibi,
562 3630 727 3702 libidinis
767 3632 949 3703 circulum
983 3653 1153 3717 currere,
1189 3636 1359 3707 hebetem

248 3748 360 3817 vitam
377 3764 462 3816 cum
480 3745 666 3816 sodalibus
684 3747 783 3817 inter
799 3748 929 3837 pocula
947 3749 1161 3839 rejiciebat:
1190 3750 1360 3821 eamdem

247 3863 287 3934 in
301 3862 375 3932 vita
390 3880 502 3950 quam
519 3861 557 3929 in
571 3861 747 3932 conviviis
763 3863 882 3951 legem
893 3864 1134 3935 obtinebant:
1155 3869 1233 3935 Aut
1250 3866 1357 3950 bibat,

246 3987 308 4048 aut
321 3977 427 4047 abeas.
443 4016 488 4029 -
501 3977 591 4063 Quas
604 3995 689 4047 vero
709 3987 916 4061 veternosa,
932 3989 973 4048 nt
994 3981 1046 4050 ita
1063 3981 1202 4062 dicam,
1215 3981 1361 4052 vivendi

247 4091 444 4173 institutio,
460 4091 686 4180 quamquasi
696 4094 1070 4183 venenumquoddam
1080 4096 1357 4184 egrotantibus,

246 4223 321 4295 quo
333 4204 477 4273 lacilius
490 4204 528 4272 in
548 4214 667 4274 morte
686 4204 958 4290 obdormirent,
975 4218 1142 4297 paratum
1158 4210 1358 4295 existimes,
