2984 4750
621 212 740 307 -bt
771 268 815 282 ..

169 399 350 483 amatum,
369 398 558 469 interdum
584 398 835 489 praesensisse,
853 396 943 486 quid
975 395 1073 466 bono
1097 394 1177 465 viro
1195 403 1277 485 post

168 524 326 587 mortem
339 515 563 606 sperandum
579 523 690 585 esset.
709 512 826 583 Tanto
843 511 942 583 enim
957 510 1014 580 illi
1026 510 1119 594 viro,
1138 510 1277 583 laudis-

167 652 240 723 que
255 632 521 714 amantissimo,
538 638 727 722 quantum
743 650 787 700 ea
801 628 964 698 arridere
985 626 1114 698 debuit
1126 628 1278 698 immor-

167 748 320 818 talitatis
346 747 494 837 opiniol
511 746 620 836 Spem
645 765 727 816 eam
754 745 841 815 totis
859 743 997 814 viribus
1025 742 1274 832 amplectitur,

168 864 404 951 retinetque:
424 862 497 932 huc
526 880 621 952 saepe
640 880 727 932 eum
749 861 854 950 iuvat
878 859 1096 947 conlugere3
1113 878 1196 929 eam
1217 858 1277 927 in-

169 978 298 1066 primis
333 996 480 1047 causam
512 975 708 1047 defendere
740 984 852 1066 atque
879 974 1073 1063 magnifice
1104 992 1277 1065 perorare

168 1093 304 1163 studet.
330 1092 399 1162 Sed
416 1101 624 1183 postquam,
646 1091 813 1163 absoluta
827 1091 906 1181 J‘am
928 1091 1212 1173 declamatione,
1230 1090 1276 1159 ad

169 1209 335 1278 usualem
354 1212 417 1298 (ut
436 1208 505 1279 hoc
535 1208 636 1303 utar)
659 1208 893 1299 prudentiam
923 1206 1053 1290 rediit,
1083 1208 1123 1276 in
1149 1205 1277 1278 eadem

169 1342 315 1413 rursus,
343 1342 416 1413 qua
446 1323 550 1412 prius
578 1322 803 1404 versabatur,
840 1322 994 1393 fluctuat
1027 1321 1275 1402 dubitatione;

169 1448 321 1529 totaque
339 1438 471 1508 eximia
495 1438 560 1507 illa
575 1438 764 1521 doctrina,
787 1446 889 1508 tanta
912 1437 1051 1525 ingenii
1075 1436 1277 1508 subtilitate

168 1556 367 1636 instructa,
397 1553 561 1642 fragilior
587 1554 664 1643 jam
694 1572 773 1625 esse
795 1553 953 1636 videtur,
973 1571 1084 1643 quam
1106 1561 1149 1622 ut
1169 1551 1279 1642 quid-

169 1687 283 1758 quam
301 1667 387 1738 inde
404 1668 450 1737 ad
468 1687 577 1738 usum
591 1668 674 1738 vitae
692 1668 965 1739 accommodari
984 1668 1109 1758 possit.
1125 1710 1161 1720 -
1181 1666 1279 1736 Adde

171 1792 361 1872 praeterea,
376 1783 477 1874 quod
494 1784 533 1852 in
550 1803 592 1854 ea
610 1783 817 1854 officiorum
836 1783 1096 1874 descriptione,
1112 1781 1278 1864 Panaetii,

170 1907 213 1969 ut
227 1897 405 1980 diximus,
418 1898 546 1971 Cicero
560 1898 723 1986 vestigiis
732 1898 911 1979 instabat;
928 1917 1039 1989 quem
1056 1898 1279 1989 accepimus,

170 2015 357 2085 aPlatone
375 2034 442 2085 suo
453 2015 490 2084 in
507 2016 578 2085 boc
596 2015 896 2096 dissentientem,
910 2013 1072 2083 animam
1083 2033 1168 2092 ,esse
1184 2031 1282 2083 mor-

170 2131 283 2201 talem
299 2148 386 2199 cum
400 2129 542 2199 caeteris
557 2128 688 2200 Stoicis
704 2147 850 2219 semper
868 2128 1069 2198 affirmasse
1089 2126 1153 2224 (t).

222 2242 371 2314 Sublata
389 2262 474 2314 vero
492 2243 614 2313 divina
627 2262 670 2314 ea
684 2262 762 2333 spe,
782 2253 818 2313 et
837 2243 944 2333 quasi
957 2243 1040 2313 vitae
1057 2243 1156 2326 luce,
1170 2242 1281 2315 simul

171 2361 374 2450 magnificae
400 2379 476 2431 suoe
512 2358 641 2431 virtuti
670 2358 783 2433 Stoici
815 2369 915 2432 certa
942 2359 1079 2452 quibus
1103 2380 1146 2431 ea
1169 2369 1284 2431 staret

171 2478 409 2548 fundamenta
427 2475 652 2547 subtraxere.
680 2475 771 2561 Quae
795 2475 909 2562 igitur
926 2484 1003 2546 tota
1026 2494 1157 2546 eorum
1175 2475 1283 2546 disci·

172 2593 292 2683 plina,
312 2593 413 2663 relut
430 2590 556 2673 arbos,
578 2609 661 2680 quae
679 2591 800 2660 nullas
820 2589 962 2661 radices
979 2589 1128 2675 babeat,
1148 2590 1284 2661 sterilis

172 2728 215 2778 ex
232 2727 365 2797 magna
384 2715 487 2796 parte
509 2714 697 2790 maneret,
717 2725 867 2777 necesse
884 2715 976 2779 erat.
1002 2706 1142 2796 Nempe
1160 2724 1222 2776 eos
1243 2706 1282 2775 in

173 2843 247 2894 una
263 2843 306 2895 ea
323 2843 364 2895 re
382 2845 403 2893 a
421 2842 506 2894 vero
520 2821 709 2893 aberrasse
726 2822 816 2893 satis
834 2823 923 2906 suit,
946 2832 989 2892 ut
1006 2822 1092 2892 inde
1109 2828 1187 2891 tota
1205 2821 1284 2910 pbi-

173 2939 390 3029 losophandi
408 2938 503 3008 ratio
522 2935 816 3026 perturbaretur.
835 2936 936 3023 Quos
958 2937 1047 3007 inde
1068 2938 1108 3006 in
1126 2937 1284 3006 extrica-

174 3054 310 3125 bilibus
338 3055 420 3123 vitae
444 3053 513 3121 riis
536 3053 614 3142 jam
644 3051 768 3122 videas
798 3052 1050 3143 nequidquam
1080 3052 1183 3121 omni
1215 3070 1285 3140 ope

173 3178 284 3260 atque
312 3188 423 3258 opera
452 3167 659 3249 enitentes,
692 3176 734 3236 ut
767 3166 967 3256 quamdam
996 3167 1127 3236 saltem
1151 3164 1284 3235 divinae

173 3283 416 3355 Providentiae
447 3281 618 3354 umbram
648 3281 790 3354 mundo
816 3282 1071 3367 consulentis,
1104 3282 1202 3352 inter
1230 3289 1285 3351 tot

174 3399 337 3482 adversa,
357 3406 566 3479 tuerentur,
577 3406 689 3487 atque
706 3397 878 3468 numanae
901 3398 1010 3469 sortis
1026 3417 1160 3469 arcana
1179 3396 1285 3467 illus-

173 3524 328 3586 trarent.
353 3513 390 3584 Si
414 3514 504 3604 quid
524 3533 610 3583 vero
627 3513 787 3584 enodare
805 3513 1021 3602 nequirent,
1045 3512 1166 3600 gladio
1183 3529 1286 3581 seca-

175 3618 263 3700 bant
285 3629 510 3718 :Quumque
542 3647 604 3699 res
630 3627 792 3700 adversae
819 3627 1032 3710 bonorum,
1057 3627 1287 3697 malorumve

205 3915 241 3982 (t)
253 3915 311 3966 Vult
323 3915 448 3966 Parietina
460 3914 535 3980 (quod
546 3929 620 3966 nemo
630 3914 712 3980 negat)
721 3917 842 3978 quidqutd
854 3921 943 3966 uatum
954 3920 986 3966 sit
997 3919 1111 3966 interire:
1123 3918 1189 3965 nasci
1202 3921 1287 3966 autam

173 4002 270 4047 animoa
282 3993 358 4060 [quod
369 3995 476 4046 declarat
488 4009 574 4046 eorum
586 3995 730 4056 similltudo,
741 3998 784 4059 qui
795 4000 963 4060 procreentur,
976 3998 1119 4058 quaedam
1131 3999 1158 4045 in
1171 3998 1286 4058 ingeniis,

172 4090 223 4128 non
233 4075 316 4127 solum
332 4077 357 4124 in
368 4076 511 4138 corporibus
524 4074 818 4139 apparenti—Alteram
828 4080 913 4126 autern
922 4076 994 4126 affert
1006 4078 1146 4137 rationem
1161 4076 1223 4126 nibil
1235 4089 1287 4128 esse

172 4156 238 4220 quod
248 4155 337 4214 doleat,
350 4157 411 4218 quin
424 4156 449 4205 id
460 4169 553 4218 agrum
567 4168 620 4205 esse
629 4168 727 4218 quoque
740 4160 834 4219 posslt;
851 4156 918 4219 quod
934 4161 1018 4206 autem
1032 4160 1057 4206 in
1074 4157 1190 4207 morbum
1203 4158 1287 4217 cadat,

173 4239 198 4287 id
211 4240 287 4289 ctiam
299 4238 458 4286 interiturum
465 4256 472 4298 ;
490 4237 571 4286 dolere
588 4240 672 4287 autem
683 4225 780 4287 animos
787 4256 795 4298 3
808 4250 863 4299 argo
875 4240 951 4287 etlam
962 4239 1071 4288 interire.
1094 4238 1195 4289 Tuscul.
1210 4238 1234 4300 l,
1247 4243 1285 4289 32.
