2984 4750
713 229 901 298 „3⁸2-

251 396 290 467 in
326 396 430 467 curia
465 394 638 465 adversus
663 395 841 466 Catonem
873 394 1096 476 defendisse,
1126 403 1236 485 atque
1275 417 1363 468 cnm

251 530 334 582 eam
358 510 489 581 urbem
508 509 547 579 in
577 509 749 579 incendio
778 518 1013 579 corruentem
1041 519 1240 599 spectaret,
1266 512 1365 583 inter

253 625 466 708 victoriam,
483 623 704 694 mirantibus
721 623 869 706 amicis,
885 623 1138 694 illacrimasse.

302 738 376 809 Nec
394 738 576 828 justitiam
601 738 720 821 illam,
749 758 823 827 qua
850 738 971 807 omnis
993 738 1186 808 hominum
1209 737 1308 809 inter
1324 760 1364 809 se

252 853 407 925 societas
430 853 685 944 conjungitur,
706 853 753 922 ad
770 854 807 923 id
822 872 959 935 unum,
979 872 1026 923 ne
1040 853 1100 922 cui
1114 854 1198 943 quis
1212 864 1362 938 noceat,

253 968 353 1056 cogit
365 967 511 1049 Cicero;
529 976 753 1057 atpraeterea
770 966 920 1056 subjicit
931 967 1054 1057 cuique
1066 968 1184 1050 etiam,
1198 980 1366 1059 motum

252 1083 393 1174 quisque
402 1083 529 1171 possit,
545 1079 837 1171 benefaciendum.
853 1082 970 1171 Atque
983 1083 1090 1165 binc,
1109 1083 1366 1153 liberalitatem

254 1215 364 1287 porro
381 1196 510 1265 delinit
535 1195 757 1286 qnamdam,
780 1197 1000 1284 prudentem
1024 1199 1108 1265 vero
1131 1216 1173 1267 ac
1190 1217 1364 1286 parcam,

255 1309 319 1383 sed
332 1330 415 1401 quae
435 1312 613 1381 saltemin
627 1330 864 1381 communem
875 1311 965 1391 vite,
976 1330 1085 1381 usum
1101 1311 1225 1382 diduci
1238 1313 1363 1402 possit.

257 1425 1370 1516 -Qoanquameambenignitatem,sitemporumbandsatis

255 1540 436 1610 rationem
454 1540 607 1623 babeas,
628 1539 739 1610 nimis
757 1549 881 1610 tamen
900 1540 945 1609 ad
965 1541 1160 1610 utilitatem
1179 1540 1369 1612 interdum

256 1654 497 1745 compositam
528 1655 688 1736 dixeris3
714 1655 789 1725 sive
812 1662 848 1724 te
877 1655 1073 1725 admoneat
1098 1654 1291 1743 magister,
1320 1677 1370 1727 ne

256 1770 450 1858 benignior
475 1788 554 1839 esse
581 1767 694 1852 velis,
731 1789 842 1858 qnam
876 1788 934 1839 res
964 1770 1118 1858 patitur,
1146 1779 1183 1840 et
1207 1772 1253 1840 ad
1276 1771 1369 1842 alios

256 1884 472 1966 transferas,
495 1883 595 1971 quod
620 1882 694 1952 tuis
717 1884 878 1973 relinqui
901 1884 1044 1973 aequios
1062 1884 1127 1965 sit;
1148 1884 1223 1953 sive
1241 1894 1276 1955 te
1293 1885 1368 1955 illis

256 1997 440 2087 imprimis
463 1996 590 2085 largiri
607 1996 756 2087 iubeat,
785 1998 851 2089 qui
876 1999 922 2067 ad
940 2007 1022 2068 tuas
1047 1998 1223 2069 utilitates
1246 2001 1368 2070 officia

259 2122 344 2184 ante
363 2113 613 2197 contulerint,
639 2124 703 2184 ant
725 2134 854 2185 rursus
868 2115 1034 2185 conferre
1065 2115 1214 2206 possint.
1242 2115 1284 2184 ln
1308 2117 1368 2187 bis

259 2228 632 2319 omnibnspraeceptis
649 2231 820 2319 quaedam
839 2249 983 2318 semper
998 2230 1213 2300 observatur
1224 2231 1368 2301 medio·

260 2342 390 2425 critas,
418 2361 500 2432 quae
519 2342 707 2414 bominem
728 2343 857 2426 decet;
881 2345 1081 2415 humanam
1104 2345 1276 2416 virtutem
1306 2347 1367 2416 in·

261 2455 381 2526 stituit
394 2454 522 2526 Cicero
538 2478 545 2524 :
567 2465 749 2544 quatenus
765 2458 909 2527 homini
925 2459 980 2528 ire
996 2460 1123 2529 datum
1147 2459 1276 2543 fuerit,
1298 2479 1367 2531 nee

261 2572 378 2652 ultra,
396 2571 474 2660 ipse
487 2572 731 2661 progreditur.
750 2572 841 2659 Quis
852 2594 938 2644 vero
952 2575 1067 2658 alius,
1087 2584 1218 2668 praeter
1231 2576 1364 2659 Deum,

259 2705 340 2756 eam
358 2686 617 2756 liberalitatem
631 2687 727 2757 ultra
748 2688 901 2759 dilatare
916 2689 1057 2779 potuit?
1069 2690 1131 2760 sed
1142 2690 1186 2760 de
1202 2691 1258 2760 bis
1277 2691 1367 2761 satis

260 2800 487 2894 dictumest.

309 2913 376 2984 ltt.
407 2913 616 2986 Fonrmooo.
634 2914 735 3007 Saepe
749 2918 809 2999 iit,
830 2928 872 2988 ut
886 2919 1011 3003 bomo,
1027 2921 1093 3010 qni
1106 2930 1161 2990 tot
1174 2920 1285 2991 rebus
1300 2922 1367 2991 ad-

259 3026 373 3097 versis
389 3026 567 3098 obnoxius
578 3030 697 3118 jaceat
708 3083 717 3114 ,
729 3032 926 3102 honestum
940 3034 978 3103 id
991 3035 1254 3125 decorumque,
1266 3036 1366 3125 quod

259 3140 342 3210 vitoe
359 3143 588 3232 propositum
606 3153 683 3227 est,
701 3146 780 3233 jam
798 3160 959 3238 nequeat
979 3150 1167 3234 obtinere,
1193 3151 1264 3219 nisi
1286 3171 1366 3221 sese

259 3273 325 3345 per
339 3256 454 3323 animi
469 3254 710 3346 fortitudinem
727 3280 839 3350 sopra
852 3265 985 3334 arduas
998 3285 1057 3335 res
1074 3266 1217 3348 efferat,
1238 3268 1365 3335 buma-

258 3386 379 3456 naque
396 3367 582 3457 despiciat.

306 3482 425 3568 Quam
449 3502 535 3554 vero
561 3484 675 3555 animi
694 3488 912 3573 elationem,
945 3513 1055 3581 quam
1082 3494 1154 3563 vim
1181 3514 1223 3564 ac
1249 3494 1364 3565 robur

257 3597 405 3667 virtutis
422 3598 655 3687 appellabant
669 3602 794 3683 stoici,
810 3606 861 3674 ita
877 3606 1003 3676 Cicero
1023 3608 1179 3697 sapienti
1199 3627 1265 3679 suo
1284 3611 1364 3679 vin-

258 3709 375 3793 dicat,
405 3719 445 3779 ut
469 3714 691 3801 asperiorem
727 3727 849 3787 tamen
879 3739 960 3789 eam
992 3721 1149 3809 quadam
1179 3721 1364 3793 Socratica

260 3824 510 3896 moderatione
527 3831 771 3899 constantiam
792 3842 987 3922 temperet.
1010 3836 1100 3904 Nam
1128 3837 1248 3925 placet
1262 3838 1362 3928 jam,

260 3944 302 4006 ut
320 3937 495 4024 diximus,
524 3944 641 4013 virtus
660 3946 828 4033 qnaedam
850 3949 984 4032 civilis,
1010 3952 1054 4020 ad
1077 3961 1226 4023 strenue
1249 3972 1365 4040 agen-

257 4051 347 4121 dum
380 4055 581 4139 instructa;
610 4078 837 4151 gnavamque
861 4064 954 4134 banc
980 4066 1235 4137 fortitudinem
1260 4087 1365 4141 com-

256 4168 422 4250 mendat,
455 4190 538 4258 quae
563 4173 720 4261 publicis
736 4178 848 4248 rebus
870 4190 1053 4265 versatur,
1074 4203 1259 4273 quamque
1284 4185 1365 4274 ipsc
