2984 4750
636 236 824 304 ...59-

179 403 514 495 amplecterentur?
533 400 683 472 ceteris
699 399 827 487 igitur,
845 399 999 487 gloriam
1014 398 1161 481 saltem,
1176 399 1292 467 bono-

177 541 333 612 resque,
360 529 399 592 et
418 518 599 612 quidquid
630 519 738 607 vulgo
762 518 1086 608 praeclarissimum
1111 517 1287 598 habetur,

179 637 305 709 omnia
315 636 476 727 denique
491 636 652 707 bumana
670 634 817 704 virtutis
831 633 1071 703 incitamenta
1087 632 1218 703 Noster
1229 650 1291 719 ap-

180 752 316 842 ponit:
344 771 547 841 eorumque
571 750 686 838 gratia
713 749 990 839 prudentiorem
1012 768 1114 829 eam,
1142 746 1292 836 privatis

182 866 405 938 utilitatibus
414 865 742 945 accommodatam,
754 863 969 952 sapientiam
984 863 1208 932 moderatur.
1225 861 1293 929 Hic

186 981 337 1051 omnino
363 979 527 1051 Stoicum
543 978 696 1068 abjecit3
717 986 831 1047 restat
848 986 993 1047 tantum
1014 986 1133 1067 pater,
1155 978 1290 1055 bomo,

183 1093 393 1178 Romanus3
411 1095 488 1185 jam
523 1094 716 1163 nobiscum
739 1092 848 1174 vivit;
877 1113 944 1163 nec
971 1111 1135 1163 amorem
1158 1092 1241 1172 sui,
1263 1090 1293 1159 si

183 1209 334 1279 modum
361 1209 459 1280 haud
487 1208 656 1290 excedat,
672 1208 826 1297 justitiae
853 1208 1066 1299 rationique
1088 1223 1294 1296 repugnare

183 1324 385 1395 arbitratur
408 1346 415 1392 :
440 1343 515 1396 non
545 1323 659 1400 animi
687 1324 908 1413 cupiditates
933 1323 1085 1394 omnino
1110 1322 1291 1404 coerceri,

184 1555 285 1629 omni
311 1554 512 1624 ambitione
541 1571 687 1636 vacare,
717 1554 781 1623 sed
804 1554 943 1642 iustam
965 1553 1000 1621 ei
1027 1553 1293 1642 honestamque

184 1669 281 1738 viam
298 1668 510 1739 ambitionis
529 1668 658 1758 aperit.
681 1666 832 1737 -Sunt
853 1678 977 1738 tamen
995 1669 1087 1750 loci,
1116 1669 1180 1738 ubi
1207 1687 1294 1738 eum

184 1784 359 1853 virtutem
375 1784 420 1853 ad
436 1784 630 1854 utilitatem
649 1784 807 1854 nimium
825 1784 1061 1868 instruxisse,
1078 1784 1294 1853 remissiori-

184 1901 327 1991 busque
340 1900 637 1991 moribusipsum
652 1902 869 1990 morigerari
885 1901 1017 1972 merito
1031 1901 1186 1970 dixeris:
1205 1901 1293 1983 sive,

185 2026 227 2086 ut
248 2015 477 2100 Aristoteles,
502 2017 703 2085 amititiam
729 2017 913 2087 describat
935 2018 1173 2104 negotiationi
1191 2016 1296 2086 simi-

185 2133 316 2206 liorem
336 2131 446 2229 (φίλος
468 2142 613 2214 ποιητικὸς
633 2135 791 2219 antiton
813 2132 887 2201 sive
905 2141 1103 2221 patronum
1119 2132 1297 2202 concedat

185 2264 453 2337 nonnunquam
478 2244 689 2329 verisimile,
709 2244 856 2315 etiamsi
872 2244 997 2314 minus
1013 2245 1061 2314 sit
1074 2264 1216 2327 verum,
1237 2246 1296 2314 de-

185 2359 333 2431 fendere
352 2359 425 2456 (H,
452 2360 512 2456 tt)
535 2359 605 2455 (i),
627 2360 846 2448 etc—Quid
864 2365 1011 2431 ornem?
1029 2381 1120 2431 num
1135 2371 1297 2432 atrocem

186 2475 289 2544 illam
315 2475 491 2565 sapientis
520 2495 714 2566 personam
745 2477 873 2558 malis,
901 2495 1013 2566 quam
1042 2475 1179 2546 Seneca
1207 2476 1297 2545 adeo

187 2609 298 2681 supra
313 2590 408 2661 vires
421 2590 583 2660 hominis
596 2592 745 2675 extulit,
766 2593 924 2662 utnulla
939 2591 1084 2661 virtutis
1099 2610 1179 2660 esse
1192 2610 1298 2680 posse

189 2705 357 2777 videatur
368 2725 455 2777 cum
472 2706 555 2776 vitae
566 2707 835 2776 consuetudine
848 2706 1085 2796 conjunctim
1102 2706 1298 2797 ipsumque

187 2840 273 2891 eum
289 2821 329 2890 in
343 2820 485 2910 agendo
501 2822 594 2893 adeo
611 2821 680 2891 sibi
704 2822 889 2913 disparem
912 2822 968 2891 vix
990 2826 1189 2909 agnoscas?
1208 2821 1299 2907 Quae

188 2935 338 3026 quidem
351 2937 467 3008 virtus
484 2938 691 3027 superbior,
703 2938 939 3027 humanaque
950 2956 1299 3027 aspernans,meam

189 3069 276 3122 sane
301 3051 585 3123 admirationem
611 3061 733 3122 movet
755 3078 762 3119 ε
783 3052 900 3122 multo
920 3060 1045 3122 autem
1069 3052 1187 3138 magis
1208 3051 1301 3120 mibi

189 3165 309 3255 placet
324 3163 511 3236 Ciceronis
533 3186 576 3236 ea
599 3165 853 3249 mediocritas,
875 3165 1016 3256 aliquid
1034 3185 1079 3234 ex
1097 3166 1214 3254 rigida
1230 3166 1301 3235 ista

190 3279 366 3368 sapientis
393 3281 586 3371 majestate
612 3281 858 3366 detrahentis,
891 3300 939 3350 ne
966 3281 1082 3350 nimia
1105 3280 1300 3371 asperitate

190 3413 284 3485 quos
294 3396 490 3467 emendare
503 3396 677 3481 voluerit,
693 3398 848 3485 fugaret.
868 3396 1016 3487 Aliquid
1027 3397 1223 3468 bominum
1235 3395 1303 3465 im-

190 3509 397 3596 becillitati,
418 3510 709 3602 opinionumque
727 3513 896 3602 pravitati
921 3512 1140 3603 prudentius
1161 3512 1193 3580 is
1214 3530 1302 3580 con-

192 3624 323 3709 donat3
339 3625 510 3716 civesque
527 3645 626 3709 suos,
638 3626 767 3716 quales
781 3627 868 3711 sint,
885 3647 953 3698 nec
966 3628 1165 3719 qualeseos
1177 3627 1301 3696 animo

191 3740 399 3829 excogitare
428 3740 616 3825 libuisset,
633 3741 851 3831 simpliciter
868 3743 1018 3833 accipit,
1043 3753 1083 3813 ut
1110 3741 1242 3812 melius
1257 3741 1303 3810 iis

192 3854 278 3926 inde
294 3855 497 3926 subveniat.
511 3856 591 3927 Nou
603 3858 716 3928 altius
730 3858 830 3928 enim
845 3868 1009 3948 spectare
1021 3859 1182 3947 primum
1197 3875 1303 3944 opor-

193 3979 246 4041 tet
262 3991 270 4039 :
286 3971 350 4041 sed
361 3971 555 4042 hominum
578 3981 877 4063 latmorumque,
893 3975 1033 4062 quibus
1052 3973 1222 4061 prodesse
1242 3990 1304 4039 ve*

152 4221 156 4226 ’
226 4234 260 4293 (1)
272 4232 308 4282 Gi.
321 4247 380 4284 enm
390 4235 459 4284 Orat.
468 4248 513 4298 pto
522 4235 635 4285 Cluentio
647 4273 652 4293 ,
665 4238 704 4285 tt.
