2984 4750
625 206 812 281 -tsss

51 410 57 417 ·
166 388 302 462 menta,
317 378 586 450 extrahominis
602 387 773 447 naturam
791 397 881 447 esse.
900 377 1072 450 Animum
1085 381 1199 469 igitur
1211 403 1271 454 so-

165 494 264 575 lu'm,
289 494 394 583 quasi
417 493 581 583 corporis
598 512 762 562 essemus
789 501 972 581 expertes,
991 495 1067 566 imo
1092 516 1205 567 unam
1231 499 1269 568 in

135 685 144 697 λ
165 607 294 679 eodem
316 609 386 679 isto
412 609 536 678 auimo
562 607 742 678 rationem
771 608 1002 696 spectabant,
1034 612 1132 682 unde
1156 622 1272 684 totam

156 712 248 793 'vitae
272 723 504 812 disciplinam
534 731 810 812 componerent.
832 765 876 774 -
895 723 990 793 Hinc
1019 726 1182 815 speciosa
1204 748 1268 812 ea,

165 856 278 926 quam
294 839 476 920 novimus,
492 836 555 906 sed
569 857 699 926 parum
714 836 852 920 solida,
869 836 1036 908 doctrina
1049 849 1175 911 exorta
1188 851 1244 912 est
1260 865 1269 911 z

90 1022 92 1027 ,
164 953 300 1044 quippe
314 974 397 1043 quae
413 972 487 1023 non
508 953 596 1022 satis
612 953 650 1022 in
670 971 797 1022 rerum
814 952 968 1023 veritate
984 953 1218 1026 inniteretur.
1251 1002 1266 1010 -

165 1068 808 1158 Atprolectobominemplerumque
818 1068 1275 1156 jurationumerasconlu·

165 1203 297 1273 sasque
305 1204 365 1253 res
380 1184 419 1253 in
438 1204 554 1254 unum
569 1184 729 1271 coegisse
743 1208 752 1264 ;
769 1183 840 1252 nisi
857 1203 941 1252 vera
956 1193 1080 1255 autem
1094 1187 1273 1277 simplici-

165 1309 222 1369 tas
238 1297 388 1389 priusin
400 1297 510 1368 rebus
523 1297 612 1387 ipsis
628 1298 754 1380 luerit,
764 1297 853 1386 quid
871 1298 1019 1388 prodest
1030 1300 1114 1369 licta
1129 1301 1200 1370 ista
1216 1300 1271 1369 al-

164 1421 242 1483 tera
261 1412 489 1502 simplicitas,
503 1412 637 1503 quaein
655 1413 828 1483 exteriori
842 1421 986 1483 tantum
1003 1414 1271 1505 artificiosaque

163 1546 290 1597 rerum
305 1524 507 1615 digestione
526 1526 849 1616 appareat‘lQuam
868 1528 1094 1598 enimtotam
1111 1549 1149 1599 se
1169 1549 1271 1599 com-

135 1642 275 1731 plecti
309 1650 418 1730 atque
451 1639 673 1711 examussim
703 1640 878 1710 recidisse
916 1641 1111 1731 sperabant
1140 1641 1269 1725 Stoici,

164 1756 328 1846 undique
363 1756 553 1846 multiplex
586 1756 829 1845 indocilisque
860 1757 1078 1847 erumpebat
1112 1759 1273 1828 bominis

163 1881 306 1942 natura.
1037 1882 1041 1888 ’
1106 1878 1110 1882 ’

213 1986 415 2055 Panaetium
437 2006 522 2055 vero
551 1986 711 2055 diximus
735 1987 867 2056 melius
886 1986 1127 2076 perspexisse,
1153 1988 1273 2076 qualis

163 2120 247 2170 vere
260 2110 355 2170 esset
371 2100 501 2189 duplex
521 2121 564 2171 ea
578 2099 739 2170 hominis
753 2108 901 2181 natura;
921 2120 1033 2189 quam
1049 2121 1070 2169 a
1088 2100 1273 2189 prioribus

163 2214 294 2285 Stoicis
313 2216 575 2299 deformatam,
597 2217 635 2284 in
655 2215 841 2302 integrum
866 2215 1040 2286 restituit.
1066 2216 1184 2301 Quem
1204 2215 1274 2285 du-

163 2349 244 2401 cem
256 2332 334 2421 ipse
355 2341 502 2401 secutus
519 2329 661 2414 Cicero,
673 2330 804 2414 multa,
823 2340 956 2421 praeter
973 2349 1054 2400 eam
1073 2331 1272 2413 rationem,

163 2447 331 2516 omnium
345 2448 648 2529 moderatricem,
668 2447 737 2515 alia
756 2465 925 2537 quoque,
945 2467 1061 2536 quum
1074 2447 1112 2516 in
1129 2448 1271 2529 animo,

164 2569 245 2629 tum
259 2561 370 2630 etiam
384 2560 422 2631 in
440 2580 614 2651 corpore,
635 2561 840 2630 secundum
858 2568 1027 2630 naturam
1051 2560 1170 2630 inesse
1187 2578 1274 2649 pro-

164 2675 312 2753 fitetur.
336 2676 471 2765 quibus
499 2685 599 2747 recte
626 2676 829 2766 ordineque
853 2674 1056 2763 sapientem
1083 2675 1275 2764 indulgere

164 2791 300 2861 deceat.

215 2905 376 2994 dcapite
395 2905 508 2993 igitur
524 2925 673 2976 omnem
693 2905 838 2975 vivendi
857 2905 1058 2986 rationem,
1085 2922 1187 2973 more
1210 2904 1275 2974 So-

165 3020 319 3104 cratico,
339 3020 556 3104 instituens,
574 3021 744 3091 omnium
761 3018 965 3090 officiorum
992 3019 1111 3087 fontes
1129 3037 1172 3087 ex
1198 3018 1275 3107 ipsa

164 3133 326 3205 hominis
344 3143 475 3205 natura
491 3135 639 3226 penitus
649 3144 839 3226 perspecta
853 3133 981 3223 aperit.
996 3132 1163 3202 Primum
1175 3132 1275 3202 enim

163 3248 337 3339 exquirit,
349 3248 485 3338 quibas
494 3250 532 3320 in
547 3250 629 3319 vitae
636 3249 911 3320 conditionibus
920 3248 1135 3320 obversetur
1148 3248 1273 3333 bomo,

163 3364 371 3453 quibusque
396 3365 549 3435 diversis
568 3365 805 3435 instinctibus
825 3366 927 3435 intus
948 3372 1162 3444 moveatur,
1182 3383 1276 3451 quo-

163 3498 206 3548 ve
223 3497 289 3547 sua
314 3498 401 3548 eum
423 3479 656 3567 potissimum
674 3480 767 3549 terat
783 3489 934 3561 natura,
962 3487 1006 3548 ut
1028 3476 1114 3546 inde
1131 3476 1275 3546 vivendi

162 3592 307 3680 regulas
323 3594 503 3675 excutiat,
529 3603 568 3664 et
584 3613 667 3664 vere
684 3594 882 3663 humanam
904 3612 1051 3664 morum
1071 3592 1276 3662 institutio-

163 3725 247 3776 nern
265 3718 466 3796 expromat.
485 3750 525 3760 —
541 3709 738 3779 Hominem
750 3727 860 3799 porro
874 3707 913 3778 in
931 3707 1113 3799 principio
1131 3707 1272 3789 statuit,

161 3830 296 3910 praeter
319 3842 402 3891 eam
434 3832 624 3905 naturam,
655 3843 769 3913 quam
793 3824 1002 3894 cumomni
1029 3820 1273 3892 animantium

164 3956 297 4025 genere
314 3957 551 4008 communem
568 3938 700 4020 babet,
725 3948 768 4009 ut
785 3939 899 4009 vitam
918 3937 1108 4017 defendat,
1127 3934 1276 4005 nocitu-

162 4071 277 4143 raque
306 4053 485 4137 declinet,
511 4073 668 4145 quaeque
694 4054 739 4123 ad
757 4052 952 4123 vivendum
973 4052 1046 4121 sint
1070 4051 1273 4119 necessaria

162 4169 351 4259 anquirat,
372 4181 409 4239 et
438 4170 574 4242 liberos
603 4180 772 4259 procreet
798 4179 1038 4259 tueaturque;
1065 4186 1150 4237 eum
1177 4184 1274 4255 prae-
