2984 4750
631 244 800 312 ..9-

159 409 443 482 existimandum
469 418 565 479 esset
592 409 781 500 aliquanto
810 409 995 482 dubitasse
1023 412 1168 483 dixeris.
1196 411 1267 482 Sua

160 543 246 598 vero
263 526 415 596 audacia
432 525 616 607 exterriti,
636 527 759 595 forsan
777 536 815 595 et
838 536 957 597 morte
981 526 1204 608 voluntaria,
1220 527 1268 597 ad

159 642 368 730 exemplum
382 640 551 725 Catonis,
569 651 778 731 susceptam
793 641 993 719 liberandae
1011 643 1112 732 Reip.
1130 643 1266 712 molem

160 778 180 825 a
196 777 234 826 se
249 757 525 839 detrectassent,
540 756 613 826 nisi
627 755 770 839 Cicero,
780 757 842 827 cui
853 757 999 828 animus
1012 758 1167 828 crevisse
1181 775 1267 827 cum

161 871 285 940 Romae
303 870 477 959 periculis
489 870 650 953 videtur,
663 872 868 941 amicorum
882 872 1055 942 virtutem
1073 872 1264 953 erexisset,

160 994 198 1056 et
215 984 400 1075 quoddam
417 985 698 1073 desperantibus
716 986 822 1075 quasi
839 986 1050 1056 suscitasset
1072 987 1199 1077 patriae
1217 986 1268 1055 si-

160 1101 380 1171 mulacrum.
410 1100 685 1190 prilosopbia
715 1111 840 1170 autem
868 1102 1018 1172 haurire
1055 1102 1264 1182 videbatur,

162 1215 258 1285 unde
276 1215 371 1285 vires
388 1215 469 1284 aliis
487 1215 693 1285 sufficeret:
715 1235 822 1299 nam,
843 1217 942 1287 inter
958 1217 1191 1306 negotiorum
1208 1216 1267 1284 in-

161 1331 329 1412 tervalla,
356 1329 402 1399 ad
426 1331 641 1401 inchoatum
667 1350 760 1421 opus
786 1332 949 1414 redibat3
975 1333 1014 1402 iu
1040 1352 1083 1402 ea
1110 1331 1268 1401 medita-

162 1446 280 1527 tione,
312 1446 416 1534 quosi
446 1456 548 1528 cote,
578 1446 835 1515 tortitudinem
862 1447 1035 1528 acuebat,
1070 1465 1186 1536 seque
1221 1445 1267 1514 ad

162 1579 376 1649 supremum
389 1579 499 1630 sunm
513 1580 580 1649 pro
594 1560 764 1630 libertate
781 1561 995 1649 accingebat
1008 1570 1208 1630 certamen.

210 1675 338 1764 Itaque
358 1684 500 1745 remota
514 1675 726 1764 disputandi
742 1674 963 1761 subtilitate,
981 1686 1143 1772 πρακτικὴν
1153 1675 1192 1743 in
1208 1674 1267 1743 his

162 1789 267 1858 libris
277 1789 451 1860 virtutem
465 1790 672 1873 adumbrat,
683 1811 757 1880 qua
771 1791 848 1881 ipse
858 1792 1074 1873 instructus
1087 1808 1125 1859 se
1137 1806 1267 1857 rursus

161 1905 208 1975 ad
221 1905 561 1994 agendumstrenue
575 1907 614 1976 in
627 1908 807 1996 procellas
820 1907 997 1976 immittat
1012 1929 1020 1975 :
1038 1905 1267 1994 pbilosopho-

162 2041 320 2110 rumque
336 2022 482 2112 scriptis
499 2022 756 2092 tantummodo
773 2022 811 2091 id
823 2021 1000 2111 exquirit,
1028 2020 1127 2110 quod
1140 2039 1269 2088 sanan·

162 2135 218 2204 dis
245 2137 370 2225 patriae
397 2137 522 2219 malis,
553 2137 866 2225 restituendisque
897 2136 1079 2224 maJ’orum
1103 2133 1269 2204 moribus

162 2250 336 2321 adbibere
367 2252 491 2339 possit.
537 2252 820 2340 Philosopbatur
846 2250 1016 2339 quidem,
1054 2248 1117 2317 sed
1148 2257 1190 2317 ut
1214 2247 1269 2315 vi-

163 2384 247 2435 rum
272 2375 418 2441 πολιτικόν
446 2365 588 2449 decuit,
610 2367 713 2456 lleip.
737 2386 885 2456 quoque
913 2365 968 2435 vel
997 2365 1035 2433 in
1053 2364 1128 2435 otio
1149 2364 1269 2433 inser-

164 2481 334 2552 vientem.

693 2854 750 2922 11.

162 3060 226 3122 Quid
242 3074 271 3111 ex
290 3061 410 3123 singulis,
436 3061 527 3123 quibus
550 3063 605 3107 turn
626 3057 705 3108 Roma
724 3055 924 3115 distrahebatur,
948 3056 1109 3118 phitosopnte
1128 3056 1216 3113 sectis,
1238 3052 1270 3101 ad

193 3141 373 3190 instituendam
390 3154 462 3190 suam
479 3138 578 3188 vivendi
597 3136 753 3199 disciplinam
763 3136 847 3185 Cicero
865 3139 996 3184 mutuatus
1009 3137 1051 3184 sit.
1063 3135 1177 3184 -Totus
1193 3144 1220 3182 se
1239 3130 1271 3180 ad

194 3221 329 3292 secundam
338 3222 422 3269 Stoam
433 3221 535 3270 Panaetii
548 3219 678 3267 convertit.

576 3412 701 3468 Epicureos
720 3410 744 3454 in
765 3409 863 3454 bortulis
878 3411 927 3454 suis
949 3410 1074 3465 iubeamus
1092 3409 1184 3463 dicere,
1201 3413 1272 3463 atque

549 3485 619 3530 etiam
633 3483 662 3527 ab
673 3482 736 3525 omni
746 3481 858 3526 socictate
868 3481 943 3537 Reip.‚
952 3482 1020 3534 cujus
1032 3486 1120 3536 partem
1131 3490 1174 3522 nec
1185 3484 1273 3523 norant

550 3553 637 3607 ullam,
651 3563 811 3609 necunquam
827 3562 897 3595 nosse
910 3551 1048 3603 voluerunt,
1060 3549 1178 3605 paulisper
1196 3547 1272 3593 laces

549 3631 614 3676 sant,
627 3622 948 3679 rogemus-Perturbatricem
966 3626 1044 3666 autem
1063 3620 1146 3664 barum
1167 3619 1272 3663 ornatum

548 3706 625 3739 rerum
642 3693 791 3738 Academiam
807 3698 925 3737 recentem
938 3701 1061 3735 exoremus
1081 3696 1105 3734 ut
1119 3689 1193 3733 sileat.
1212 3686 1272 3732 Nam

547 3765 567 3809 si
577 3766 601 3808 in
610 3775 637 3809 ea
646 3763 765 3817 invaserit,
774 3763 858 3808 nimias
867 3762 922 3807 adet
930 3762 1017 3805 ruinas.
1032 3760 1080 3816 (De
1089 3760 1142 3815 leq.
1151 3791 1159 3814 ,
1168 3759 1191 3814 l,
1202 3760 1245 3811 tt.)

214 3979 287 4050 lsta
305 3978 455 4067 quidem
473 3978 665 4068 praefatus,
681 3976 760 4065 jam
779 3976 824 4044 ad
846 3973 1072 4063 propositam
1092 3971 1274 4058 discepta-

162 4093 303 4163 tionem
326 4092 450 4173 venio,
474 4091 526 4159 ita
548 4099 591 4160 ut
605 4089 768 4179 primum
790 4087 952 4175 origines
976 4083 1137 4155 Tulliani
1152 4083 1289 4172 operis-

161 4215 347 4297 repetam,
364 4216 402 4276 et
420 4205 526 4295 quasi
540 4205 704 4274 diversos
720 4204 859 4282 fontes,
877 4200 975 4269 unde
999 4217 1105 4268 suam
1123 4196 1169 4266 de
1183 4194 1274 4264 Offi-
