2984 4750
621 261 815 330 ..61-

168 426 327 508 sederet,
345 424 516 513 ambigua
529 422 785 517 interpretari,
801 427 1107 520 conscientiaque
1122 431 1204 503 lites
1219 433 1276 503 di-

168 542 320 623 rimere,
351 541 382 609 si
408 560 481 631 qua
509 540 712 612 honestatis
731 561 816 612 cum
836 544 993 615 utilitate
1010 546 1198 617 contentio
1217 568 1276 618 oc-

168 666 343 728 curreret.
359 697 400 707 -
412 654 481 726 Sed
504 665 542 725 et
554 655 644 726 adeo
660 657 799 747 iniquis
815 660 1042 749 temporibus
1054 662 1197 731 vivebat
1214 661 1276 733 Ci-

74 818 75 821 *
167 793 268 857 cero,
294 780 335 842 ut
365 791 460 861 saepe
493 790 556 852 ea,
587 791 670 862 quae
691 771 905 845 viderentur
933 774 1043 863 digna
1072 796 1152 848 esse
1173 778 1277 866 J'usto

166 887 336 968 homine,
364 887 399 954 vi
422 905 549 955 rerum
575 896 915 972 commutarentur,
948 890 1152 982 fierentque
1185 911 1277 964 con-

166 1003 278 1073 traria
295 1023 303 1071 :
321 1009 399 1071 tum
416 999 555 1090 aliquid
565 1001 774 1072 necessitati
791 1004 1077 1076 condonandum
1089 1008 1176 1091 luit,
1194 1016 1276 1077 turn

163 1116 306 1207 justitia
330 1124 408 1186 erat
439 1134 505 1205 pro
531 1124 696 1204 tempore
723 1117 957 1188 moderanda.
984 1119 1075 1189 Nam
1098 1119 1274 1191 Catonem

166 1232 252 1302 huic
267 1229 527 1300 necessitatum
541 1230 728 1319 asperitati
743 1231 867 1320 ipsum
882 1234 1032 1304 cessisse
1049 1237 1272 1325 accepimns,

167 1357 276 1436 atque
294 1346 333 1414 in
351 1345 467 1428 curia,
481 1365 526 1414 ne
542 1345 719 1416 Lucceius
734 1347 863 1417 consul
876 1347 915 1415 in
930 1347 1057 1439 [temp.
1069 1359 1271 1436 crearetur,

166 1460 350 1552 pecuniae,
367 1466 494 1528 contra
508 1459 607 1547 leges
623 1461 801 1543 ambitus
818 1461 959 1531 civibus
973 1462 1171 1550 largiendae
1185 1485 1275 1536 auc-

163 1586 281 1647 torem
304 1576 415 1645 luisse
440 1572 506 1670 (l).
529 1573 619 1661 Quae
633 1595 720 1646 cum
743 1575 870 1646 Cicero
889 1577 1058 1661 vidisset,
1082 1582 1275 1668 angustio-

165 1692 268 1762 ribus
286 1690 369 1760 ideo
394 1690 670 1760 delinitionibus
695 1692 903 1763 describere
931 1693 1065 1777 voluit,
1092 1705 1274 1784 qnatenus

164 1809 273 1878 certis
287 1808 325 1876 in
341 1807 620 1877 necessitatibus
631 1808 784 1896 J'ustitioe
801 1816 921 1897 posset
935 1809 1114 1897 derogari.
1124 1851 1165 1861 -
1174 1811 1273 1882 lude

163 1924 263 2013 quod
286 1924 471 1993 Romanus
489 1924 657 1993 formulis
678 1925 795 2011 magis
812 1944 925 2014 quam
945 1925 1110 2015 aequitati
1128 1945 1273 2016 semper

163 2040 330 2110 addictus
347 2040 486 2120 luerat;
505 2039 557 2108 ita
568 2047 609 2108 ut
625 2059 700 2109 non
711 2039 746 2108 ei
760 2040 849 2109 satis
861 2048 957 2109 esset
969 2041 1137 2130 quaedam
1150 2041 1195 2112 de
1208 2043 1272 2112 ho-

161 2164 267 2227 nesto
299 2153 482 2241 generalia
512 2154 619 2242 poni,
646 2153 718 2223 nisi
742 2173 825 2244 quae
846 2153 932 2224 inde
957 2165 1271 2244 consequerentur

163 2271 282 2340 officia
306 2271 344 2338 in
367 2287 495 2340 omnes
525 2279 647 2358 partes
674 2270 849 2358 magister
873 2270 1117 2355 describeret,
1137 2280 1175 2341 et
1200 2272 1274 2342 sin·

163 2390 257 2478 gulis
275 2388 357 2457 vitae
371 2385 580 2479 acti-onibus
591 2395 744 2476 aptaret.
759 2428 804 2438 -
815 2386 858 2457 At
875 2396 1071 2477 praeterea,
1093 2389 1273 2477 quemad·
1387 2389 1394 2406 ⁴

162 2503 360 2574 modumin
369 2502 646 2591 corruptissima
658 2502 804 2572 civitate
819 2502 997 2591 plurimas
1010 2523 1089 2573 esse
1101 2504 1201 2591 leges
1211 2524 1271 2575 ne-

162 2638 261 2691 cesse
288 2627 344 2689 est
379 2615 454 2713 (2),
481 2618 592 2688 sicet
614 2637 761 2688 morum
784 2617 1016 2708 disciplinam
1037 2638 1081 2687 eo
1099 2619 1271 2691 subtilius

161 2733 335 2824 explicari
353 2731 533 2821 oportuit,
554 2732 710 2822 vitaeque
724 2732 821 2801 viam
841 2750 885 2802 co
898 2731 1153 2802 circumscribi
1167 2753 1273 2804 accu-

162 2850 300 2931 ratius,
333 2866 407 2938 quo
433 2865 580 2917 morum
612 2847 823 2935 depravatio
849 2847 965 2936 magis
986 2847 1269 2931 conscientiam,

161 2965 264 3035 illam
281 2963 363 3034 vitae
384 2962 525 3044 lucem,
544 2961 787 3032 obscurasset.
809 3004 844 3020 v·
868 2961 936 3031 Sed
952 2962 1017 3052 qui
1035 2961 1186 3033 demum
1203 2964 1272 3034 ista

162 3079 330 3150 doctrina
352 3078 505 3168 simplex
523 3096 602 3147 esse
619 3076 820 3166 potuisset,
840 3096 940 3167 qnoe,
961 3096 1077 3167 quum
1093 3066 1272 3149 nonsatis

163 3196 240 3267 suis
265 3193 513 3264 fundamentis
537 3192 779 3275 inniteretur,
806 3192 926 3262 aliena
954 3191 1116 3282 undique
1152 3193 1271 3264 admi-

164 3309 288 3381 nicula
320 3326 486 3398 quaerere
520 3317 558 3377 et
583 3305 830 3378 diversissima
852 3307 950 3377 inter
980 3326 1019 3377 se
1051 3326 1271 3397 componere

164 3427 380 3514 cogeretur?
399 3421 491 3494 Cum
500 3422 580 3512 jam
600 3421 714 3510 igitur
731 3423 920 3511 sapientiae
937 3423 1103 3512 magistri
1121 3423 1272 3494 umbra·
1370 3459 1372 3461 v

162 3540 266 3611 tilem
290 3559 373 3610 eam
399 3537 630 3628 disciplinam
658 3537 699 3606 in
727 3536 812 3608 Stoa
837 3538 1064 3621 absolutam,
1084 3539 1129 3608 ad
1149 3540 1270 3610 lucem

163 3675 341 3746 verosque
358 3655 554 3725 hominum
571 3671 693 3723 mores
706 3653 943 3738 devocarent,
965 3653 1128 3744 undique
1144 3654 1184 3724 in
1198 3655 1270 3725 dil-

161 3771 344 3842 ficillimas
362 3769 583 3860 quaestiones
599 3768 853 3853 offendebant,
881 3789 963 3860 qnae
988 3768 1170 3838 acuminis
1191 3768 1271 3838 dia·

160 3887 378 3957 lecticorum
391 3894 553 3974 egerent.

210 4002 303 4074 Eum
325 4020 412 4091 ergo
426 4001 579 4072 tertium
596 4000 733 4071 librum
754 4000 941 4071 Ciceronis
963 4000 1081 4071 libens
1097 3998 1269 4088 equidem

193 4265 225 4328 (t)
237 4266 303 4316 suet.
318 4265 408 4324 Cesar,
424 4268 460 4316 19.
479 4295 489 4300 -
508 4261 619 4328 (Mac,
632 4263 697 4313 dnn.
710 4261 766 4322 llll,
778 4266 816 4312 tt.
