2984 4750
676 186 869 262 ..ῃ-

208 354 288 441 jam
305 353 536 435 adnnmtur,
553 354 688 422 malam
716 352 815 422 ultro
839 353 1026 422 fortunam
1046 354 1163 443 ipsius
1190 373 1325 444 proro-

212 468 344 538 cautis.
363 465 434 537 Sed
455 467 613 538 furentis
627 485 710 537 erae
727 466 937 549 existimat,
956 476 1120 553 egestate
1136 469 1320 557 gaudere,

210 593 277 654 aut
291 583 333 652 in
346 582 548 672 tranquillo
561 582 754 652 adversam
770 589 1029 671 tuupoetatem
1045 593 1188 672 optare,
1209 603 1324 675 seque

211 697 345 767 offerre
361 696 555 785 periculis,
575 696 713 787 quibus
728 695 926 766 subvenire
941 696 1134 785 potuisset

261 810 322 881 IV.
342 810 605 882 ramum.
624 848 667 858 -
687 811 731 880 ln
745 812 1012 900 componendis
1025 813 1125 883 inter
1140 815 1323 902 sesingu-

209 927 257 996 lis
271 945 365 1017 quas
377 926 684 997 homiuisnatura
698 927 958 1016 complectitur
974 927 1159 1016 partibus,
1177 930 1322 1000 ordine-

209 1061 283 1133 que
298 1041 548 1124 moderandis,
565 1042 867 1131 earm&
881 1051 1048 1132 apparet,
1059 1044 1320 1135 virtutisqmsi

210 1166 384 1227 venustas
393 1167 433 1227 et
448 1157 698 1247 pulchritudo.
723 1156 835 1238 Nam,
854 1176 942 1226 cum
959 1157 1103 1248 priores
1117 1156 1232 1229 Stoici
1247 1179 1323 1229 cae-

209 1284 310 1344 terne
334 1272 450 1342 animi
479 1271 632 1343 affectus
656 1290 733 1342 uon
758 1272 872 1342 modo
899 1272 1054 1355 sedare,
1084 1272 1322 1345 sedomnino

208 1388 366 1458 evellere
375 1388 591 1471 voluiment,
602 1385 732 1459 Cicero
744 1396 876 1457 contra
892 1387 961 1458 hos
971 1407 1103 1459 omnes
1114 1388 1268 1460 amenis
1282 1401 1321 1461 et

208 1504 309 1593 ipsos
323 1512 457 1572 natura
479 1502 584 1574 daton
600 1521 682 1573 esne
698 1512 916 1592 namraeque
931 1522 1136 1591 congruere
1160 1505 1321 1575 arbitra-

209 1628 292 1701 tur,
306 1618 370 1688 aed
386 1617 537 1689 eosdem
554 1617 686 1687 ordine
710 1617 983 1688 contrahendos
993 1638 1091 1700 esse,
1106 1638 1156 1690 ne
1173 1620 1322 1708 longius

208 1740 432 1822 evagentur,
461 1733 651 1822 finemque
675 1750 719 1801 ac
745 1731 899 1801 modum
922 1742 1124 1804 transeant.
1152 1735 1321 1805 Modera·

208 1850 350 1919 tionem
358 1856 484 1917 autem
498 1846 775 1929 eunomium,
786 1867 885 1936 quae,
903 1849 1216 1938 quemadmodum
1234 1852 1319 1940 pul-

209 1962 383 2034 chritudo
405 1962 572 2052 corporis
586 1981 632 2032 ex
647 1972 734 2052 apta
749 1964 1018 2051 compositione
1040 1964 1317 2050 membrorum,

208 2080 315 2150 sicet
329 2078 412 2169 ipsa
425 2097 469 2149 ex
482 2076 614 2148 ordine
629 2086 669 2147 et
691 2078 903 2147 constantia
917 2078 1113 2149 affectuum
1131 2079 1306 2163 efficitur,

207 2196 371 2265 demtum
387 2211 536 2284 quoque
554 2190 603 2287 (τὸ
620 2189 761 2293 πρέπον),
775 2191 851 2261 sive
866 2195 958 2281 quod
970 2195 1065 2263 decet
1079 2195 1250 2284 appellat

257 2307 372 2380 iiulta
385 2306 473 2378 inde
490 2306 664 2377 educitur
679 2305 727 2377 de
742 2307 848 2377 cultu
863 2306 953 2377 boni
969 2307 1038 2377 viri
1053 2327 1097 2378 ac
1121 2310 1321 2382 munditiis

208 2422 423 2513 disputatio.
438 2423 557 2511 Atque
576 2421 700 2491 forsan
720 2430 911 2492 auctore·
928 2430 1099 2492 nostrum
1125 2423 1166 2493 in
1188 2427 1317 2514 preci·

208 2536 364 2628 piendo,
378 2536 500 2628 qualis
519 2535 726 2626 sapientem
743 2534 892 2606 habitus
909 2535 1054 2618 deceat,
1076 2537 1317 2612 minutiorem

207 2650 1317 2744 tuisnehicmeritodireriazquippequijamexmagnaparte

208 2767 384 2838 virtutem
397 2766 439 2836 in
455 2765 630 2835 exteriori
648 2764 810 2855 quadam
828 2764 1017 2852 dignitatis
1034 2768 1158 2856 specie
1179 2790 1319 2858 ponere

208 2879 388 2950 videatur.
409 2875 480 2949 Sed
498 2895 586 2948 eum
603 2877 795 2949 theatralis
809 2879 958 2949 virtutis
969 2890 1187 2969 apparatum
1204 2903 1318 2973 quam

212 2995 465 3067 maximecum
476 2993 728 3064 Romanorum
736 2994 904 3064 moribus
915 3013 959 3065 uc
970 2995 1096 3066 indole
1107 3016 1318 3069 accommo-

211 3109 340 3181 datum
352 3108 520 3192 famaus,
533 3125 683 3178 necesse
696 3118 765 3178 est„
783 3107 922 3178 Rerum
933 3109 1036 3178 enim
1049 3109 1319 3204 hominumque

210 3226 394 3296 rationem
410 3224 450 3293 in
470 3223 541 3292 hoc
568 3222 700 3292 habuit
724 3222 866 3294 Cicero.
901 3221 1069 3314 Cumque
1090 3226 1190 3297 cives
1216 3247 1316 3312 suos,

209 3350 390 3430 tunquam
411 3346 536 3428 parteu
550 3336 590 3405 in
615 3338 760 3408 theatro
784 3347 957 3426 agerent,
975 3338 1102 3409 omnia
1126 3340 1173 3411 ad
1192 3344 1320 3416 oculos

210 3466 250 3528 et
266 3452 520 3546 spectaculum
540 3470 762 3543 componere
777 3452 932 3537 rideret,
952 3453 1039 3524 idne
1063 3467 1317 3542 momentum,

210 3569 311 3642 unde
323 3568 494 3640 cumulos
509 3566 608 3639 bono
623 3568 703 3638 viro
718 3567 906 3657 adiiceret,
921 3569 1205 3661 mercedemque
1214 3575 1321 3664 polli-

210 3690 371 3766 ceretur,
389 3682 594 3773 presertim
609 3682 753 3753 caeteris
768 3681 1024 3754 deficientibus
1044 3683 1221 3769 honestis,
1240 3686 1320 3777 ipse

209 3816 400 3870 removere
427 3795 578 3868 debuit?
602 3796 700 3885 Quid
719 3806 850 3868 contra
862 3798 940 3887 iam
974 3799 1221 3889 opportunius
1239 3801 1319 3873 fieri

209 3917 345 4009 potuit,
356 3934 470 4008 quum
481 3915 514 3987 ai
524 3915 754 4008 principibus
766 3915 848 3986 istis
855 3915 1027 4001 civitatis,
1043 3936 1120 3989 sue
1129 3918 1321 4008 dignitatis

210 4028 410 4102 admodum
428 4029 617 4111 surdiosis,
636 4029 873 4099 manifestum
890 4030 1114 4116 ostenderet,
1133 4051 1318 4109 summum

210 4162 409 4233 veramque
430 4143 648 4231 dignitatem
674 4162 762 4214 cum
784 4144 921 4213 virtute
949 4144 1187 4235 conjunctam
1215 4158 1318 4226 esse?
