2984 4750
709 256 901 332 ...6st-

252 424 410 516 (lantque
433 424 624 516 pristinam
646 423 819 495 virtutem
846 422 1077 494 conabatur:
1103 424 1238 514 illeque
1267 427 1365 498 liber

252 539 357 628 quasi
370 557 541 629 suprema
559 538 639 628 ejus
655 557 721 608 vor
739 538 827 621 luit,
847 547 884 608 et
900 539 1006 628 cycni
1019 557 1143 610 canor.

671 899 940 972 CONCLUSIO.

301 1135 474 1226 Superest
488 1152 609 1216 nunc,
631 1143 672 1204 ut
686 1133 867 1224 quidquid
880 1134 925 1203 de
937 1133 1125 1205 Ciceronis
1137 1134 1278 1206 Officiis
1289 1135 1363 1205 dis-

253 1250 481 1342 putavimus,
510 1249 549 1317 in
579 1268 695 1318 unum
713 1250 996 1332 contrahamus,
1016 1259 1054 1321 et
1076 1251 1120 1321 de
1141 1270 1286 1321 summa
1299 1270 1364 1321 re—

163 1444 166 1453 ,
252 1387 337 1438 rum
355 1365 482 1457 paucis
495 1364 650 1454 repetita
666 1364 886 1453 generaliter
899 1365 1119 1455 iudicemus.

300 1481 455 1569 Quando
476 1480 590 1569 igitur
617 1498 747 1550 omnes
776 1497 924 1548 morum
946 1478 1147 1568 disciplinas
1168 1479 1208 1550 in
1225 1480 1364 1549 scolas-

253 1597 336 1669 ticis
348 1593 658 1687 disputationibus
670 1595 808 1665 frustra
820 1594 1010 1682 exagitatae
1023 1593 1283 1677 hebescerent,
1301 1593 1363 1665 Ci-

252 1731 423 1784 ceronem
446 1711 605 1780 vidimus
633 1709 726 1780 Stoae
755 1709 889 1801 placita
919 1710 964 1779 ad
988 1727 1226 1779 communem
1250 1728 1361 1779 usum

252 1827 357 1911 vitae,
381 1836 561 1918 quantum
578 1826 657 1895 lieri
681 1826 821 1914 potuit,
839 1825 1089 1896 devocantem.
1108 1824 1293 1909 Primum,
1314 1825 1361 1894 ad

252 1943 412 2014 Socratis
438 1941 670 2031 exemplum,
695 1942 898 2013 honestatis
922 1940 1102 2029 originem
1128 1940 1273 2031 abipsa
1300 1960 1361 2010 na·

251 2069 335 2130 tura
351 2057 521 2140 deducit,
538 2055 715 2147 ponitque
733 2056 873 2146 aliquid
889 2057 1039 2126 absolute
1055 2076 1097 2127 ac
1111 2056 1360 2145 persebooum

249 2193 349 2258 esse,
370 2175 509 2245 iontem
533 2168 747 2243 officiorum
774 2172 962 2254 omnium;
989 2179 1163 2241 eternam
1183 2189 1265 2240 cam
1287 2171 1361 2240 sci—

251 2292 338 2363 licet
348 2290 500 2381 jmririoe
517 2290 728 2375 notionem,
753 2291 791 2360 in
806 2290 949 2360 ratione
962 2290 1143 2380 cujusque
1160 2288 1322 2359 hominis
1338 2307 1360 2358 a

207 2465 211 2476 ,
250 2407 328 2480 Deo
345 2406 490 2496 penitus
515 2405 687 2488 infixam,
710 2406 915 2477 secundum
934 2423 1046 2495 quam
1059 2411 1135 2474 tota
1153 2404 1225 2474 vita
1242 2405 1361 2475 inior-

251 2531 425 2593 maretur.
440 2562 485 2573 -
501 2520 589 2590 lndo
605 2521 731 2590 omnia
740 2521 824 2591 vitae
842 2520 982 2591 derivat
995 2529 1193 2611 praecepta,
1213 2539 1256 2590 ea
1272 2538 1360 2590 vero

251 2637 519 2720 moderatione,
538 2646 579 2706 ut
591 2655 633 2705 er
648 2635 768 2706 Stoica
781 2637 976 2725 asperitate
990 2636 1107 2705 multa
1118 2635 1195 2725 jam
1205 2634 1360 2703 infirmi·

250 2752 317 2822 tati
335 2752 525 2834 humanae,
548 2762 832 2841 temporumque
849 2750 1058 2820 necessitati
1073 2750 1255 2832 remittat,
1279 2768 1361 2818 me·

249 2866 422 2957 diamque
432 2866 605 2935 virtutem
623 2866 807 2949 instituat,
824 2865 870 2935 ab
883 2866 1077 2936 hominum
1091 2864 1360 2937 consuetudine

249 2980 654 3072 proximamQuoniam
672 3001 760 3071 ergo
772 2980 1013 3052 hominessua
1027 2980 1246 3070 plerumque
1260 2978 1359 3048 otili-

248 3108 313 3167 tote
330 3096 415 3167 duci
430 3095 582 3180 viderat,
597 3098 737 3167 multus
753 3096 793 3166 in
804 3096 850 3166 iis
861 3094 973 3165 rebus
981 3103 1050 3178 est,
1063 3095 1161 3166 unde
1170 3094 1224 3163 vir
1239 3093 1359 3164 honus

249 3231 337 3300 opes
349 3211 419 3281 sibi
436 3230 477 3280 ac
497 3212 655 3280 honores
672 3210 824 3281 honeste
838 3229 966 3299 parare
980 3210 1095 3299 possit
1115 3232 1123 3279 :
1143 3210 1256 3300 idque
1272 3229 1358 3298 per·

248 3326 394 3396 vincere
410 3334 578 3408 conatur,
595 3344 718 3396 veram
738 3325 935 3397 utilitatem
956 3327 1172 3417 plerumque
1189 3345 1275 3397 curu
1295 3327 1358 3395 ho-

248 3448 407 3524 nestate,
425 3458 542 3529 quum
558 3439 598 3508 in
617 3439 775 3529 puhlicis
788 3440 921 3525 rebus,
940 3451 1020 3512 tum
1037 3441 1075 3512 in
1099 3441 1250 3531 privatis
1267 3440 1358 3512 adeo

248 3556 484 3644 conjunctam
506 3572 605 3640 esse,
630 3565 672 3625 ut
690 3555 888 3647 quisquam
914 3556 984 3627 sibi
1001 3555 1098 3626 haud
1117 3556 1251 3627 melius
1268 3575 1360 3628 con-

248 3671 369 3742 sulere
390 3669 521 3759 possit,
541 3690 653 3760 quam
670 3670 702 3742 si
717 3670 890 3742 virtutem
908 3680 1081 3742 sectetur.
1104 3671 1231 3741 ——Sed
1257 3678 1359 3762 post-

248 3804 359 3876 quam
378 3794 554 3875 praeterea
573 3786 674 3857 nulla
695 3787 811 3857 ferme
835 3796 1026 3876 supererat
1050 3788 1108 3857 his
1128 3786 1359 3876 temporibus

247 3901 399 3990 religio,
420 3901 521 3971 nulla
538 3900 700 3974 Deorum
715 3902 934 3984 auctoritas,
959 3903 1061 3973 nulla
1074 3920 1156 3993 spes
1169 3902 1358 3972 immorta-

247 4017 382 4101 litatis,
407 4037 481 4107 qua
496 4017 618 4087 omnis
639 4038 682 4087 ea
708 4017 792 4086 vitre
806 4015 1001 4106 disciplina
1017 4018 1258 4101 inniteretur,
1276 4024 1357 4087 tum

247 4131 426 4222 quidquid
439 4131 563 4203 Romae
573 4132 694 4202 adhuc
704 4132 813 4222 sacri,
828 4131 1009 4223 quidquid
1023 4132 1063 4201 in
1072 4131 1209 4202 civium
1222 4131 1358 4201 animis

247 4246 392 4316 honesti
410 4246 686 4334 permansisset,
704 4245 928 4335 singularem
948 4246 1089 4319 scilicet
1107 4245 1359 4319 Romanorum
