<?xml version="1.0" encoding="UTF-8"?>
<!DOCTYPE html PUBLIC "-//W3C//DTD XHTML 1.0 Transitional//EN"
    "http://www.w3.org/TR/xhtml1/DTD/xhtml1-transitional.dtd">
<html xmlns="http://www.w3.org/1999/xhtml" xml:lang="en" lang="en">
 <head>
  <title>
</title>
<meta http-equiv="Content-Type" content="text/html;charset=utf-8" />
  <meta name='ocr-system' content='tesseract 3.04.00' />
  <meta name='ocr-capabilities' content='ocr_page ocr_carea ocr_par ocr_line ocrx_word'/>
</head>
<body>
  <div class='ocr_page' id='page_1' title='image "./historicademtci00benogoog_0020.png"; bbox 0 0 2984 4750; ppageno 0'>
   <div class='ocr_carea' id='block_1_1' title="bbox 698 277 892 344">
    <p class='ocr_par' dir='ltr' id='par_1_1' title="bbox 698 277 892 344">
     <span class='ocr_line' id='line_1_1' title="bbox 698 277 892 344; baseline -0.01 -17"><span class='ocrx_word' id='word_1_1' title='bbox 698 277 892 344; x_wconf 70' lang='lat'>...10-</span> 
     </span>
    </p>
   </div>
   <div class='ocr_carea' id='block_1_2' title="bbox 241 441 1367 4320">
    <p class='ocr_par' dir='ltr' id='par_1_2' title="bbox 241 441 1353 1205">
     <span class='ocr_line' id='line_1_2' title="bbox 241 441 1353 533; baseline -0.003 -19"><span class='ocrx_word' id='word_1_2' title='bbox 241 444 309 514; x_wconf 87' lang='lat' dir='ltr'><strong>ciis</strong></span> <span class='ocrx_word' id='word_1_3' title='bbox 326 443 599 514; x_wconf 72' lang='lat' dir='ltr'><strong>institutionem</strong></span> <span class='ocrx_word' id='word_1_4' title='bbox 625 441 808 512; x_wconf 80' lang='lat' dir='ltr'><strong>derivasse</strong></span> <span class='ocrx_word' id='word_1_5' title='bbox 833 451 945 531; x_wconf 90' lang='lat' dir='ltr'><strong>atque</strong></span> <span class='ocrx_word' id='word_1_6' title='bbox 967 453 1192 533; x_wconf 80' lang='lat' dir='ltr'><strong>temperasse</strong></span> <span class='ocrx_word' id='word_1_7' title='bbox 1209 443 1273 512; x_wconf 93' lang='lat' dir='ltr'><strong>ille</strong></span> <span class='ocrx_word' id='word_1_8' title='bbox 1297 444 1353 512; x_wconf 90' lang='lat' dir='ltr'><strong>vi-</strong></span> 
     </span>
     <span class='ocr_line' id='line_1_3' title="bbox 241 555 1349 648; baseline -0.001 -19"><span class='ocrx_word' id='word_1_9' title='bbox 241 559 385 630; x_wconf 89' lang='lat' dir='ltr'><strong>deatur.</strong></span> <span class='ocrx_word' id='word_1_10' title='bbox 404 559 495 630; x_wconf 86' lang='lat' dir='ltr'><strong>Rem</strong></span> <span class='ocrx_word' id='word_1_11' title='bbox 519 577 606 628; x_wconf 85' lang='lat' dir='ltr'><strong>vero</strong></span> <span class='ocrx_word' id='word_1_12' title='bbox 632 559 742 648; x_wconf 91' lang='lat' dir='ltr'><strong>paulo</strong></span> <span class='ocrx_word' id='word_1_13' title='bbox 767 556 877 627; x_wconf 89' lang='lat' dir='ltr'><strong>altius</strong></span> <span class='ocrx_word' id='word_1_14' title='bbox 902 555 1078 645; x_wconf 91' lang='lat' dir='ltr'><strong>indagare</strong></span> <span class='ocrx_word' id='word_1_15' title='bbox 1107 576 1256 628; x_wconf 91' lang='lat' dir='ltr'><strong>necesse</strong></span> <span class='ocrx_word' id='word_1_16' title='bbox 1272 568 1349 641; x_wconf 90' lang='lat' dir='ltr'><strong>est,</strong></span> 
     </span>
     <span class='ocr_line' id='line_1_4' title="bbox 242 673 1352 764; baseline -0.004 -18"><span class='ocrx_word' id='word_1_17' title='bbox 242 682 282 746; x_wconf 89' lang='lat' dir='ltr'><strong>et</strong></span> <span class='ocrx_word' id='word_1_18' title='bbox 304 676 534 764; x_wconf 89' lang='lat' dir='ltr'><strong>singularum</strong></span> <span class='ocrx_word' id='word_1_19' title='bbox 565 675 667 763; x_wconf 89' lang='lat' dir='ltr'><strong>prius</strong></span> <span class='ocrx_word' id='word_1_20' title='bbox 696 682 902 757; x_wconf 90' lang='lat' dir='ltr'><strong>sectarum,</strong></span> <span class='ocrx_word' id='word_1_21' title='bbox 930 684 1121 761; x_wconf 83' lang='lat' dir='ltr'><strong>quaerum</strong></span> <span class='ocrx_word' id='word_1_22' title='bbox 1151 673 1276 744; x_wconf 83' lang='lat' dir='ltr'><strong>Romae</strong></span> <span class='ocrx_word' id='word_1_23' title='bbox 1305 673 1352 742; x_wconf 92' lang='lat' dir='ltr'><strong>de</strong></span> 
     </span>
     <span class='ocr_line' id='line_1_5' title="bbox 243 787 1352 875; baseline -0.002 -17"><span class='ocrx_word' id='word_1_24' title='bbox 243 790 446 859; x_wconf 82' lang='lat' dir='ltr'><strong>moralibus</strong></span> <span class='ocrx_word' id='word_1_25' title='bbox 472 788 720 873; x_wconf 85' lang='lat' dir='ltr'><strong>disserebant,</strong></span> <span class='ocrx_word' id='word_1_26' title='bbox 744 789 882 857; x_wconf 86' lang='lat' dir='ltr'><strong>variam</strong></span> <span class='ocrx_word' id='word_1_27' title='bbox 909 788 1015 875; x_wconf 90' lang='lat' dir='ltr'><strong>sequi</strong></span> <span class='ocrx_word' id='word_1_28' title='bbox 1040 787 1249 868; x_wconf 80' lang='lat' dir='ltr'><strong>fortunam3</strong></span> <span class='ocrx_word' id='word_1_29' title='bbox 1277 807 1352 857; x_wconf 92' lang='lat' dir='ltr'><strong>non</strong></span> 
     </span>
     <span class='ocr_line' id='line_1_6' title="bbox 245 903 1353 995; baseline -0.004 -20"><span class='ocrx_word' id='word_1_30' title='bbox 245 913 287 975; x_wconf 92' lang='lat' dir='ltr'><strong>ut</strong></span> <span class='ocrx_word' id='word_1_31' title='bbox 316 923 402 974; x_wconf 90' lang='lat' dir='ltr'><strong>vero</strong></span> <span class='ocrx_word' id='word_1_32' title='bbox 429 923 488 975; x_wconf 88' lang='lat' dir='ltr'><strong>res</strong></span> <span class='ocrx_word' id='word_1_33' title='bbox 521 913 811 995; x_wconf 87' lang='lat' dir='ltr'><strong>pertractemus,</strong></span> <span class='ocrx_word' id='word_1_34' title='bbox 841 903 903 974; x_wconf 92' lang='lat' dir='ltr'><strong>sed</strong></span> <span class='ocrx_word' id='word_1_35' title='bbox 929 912 971 972; x_wconf 95' lang='lat' dir='ltr'><strong>ut</strong></span> <span class='ocrx_word' id='word_1_36' title='bbox 1006 923 1067 973; x_wconf 90' lang='lat' dir='ltr'><strong>eas</strong></span> <span class='ocrx_word' id='word_1_37' title='bbox 1092 904 1270 972; x_wconf 90' lang='lat' dir='ltr'><strong>hactenus</strong></span> <span class='ocrx_word' id='word_1_38' title='bbox 1295 912 1353 971; x_wconf 92' lang='lat' dir='ltr'><strong>at-</strong></span> 
     </span>
     <span class='ocr_line' id='line_1_7' title="bbox 244 1018 1353 1110; baseline -0.002 -21"><span class='ocrx_word' id='word_1_39' title='bbox 244 1019 453 1108; x_wconf 74' lang='grc'><strong>11666666,</strong></span> <span class='ocrx_word' id='word_1_40' title='bbox 483 1029 665 1110; x_wconf 86' lang='lat' dir='ltr'><strong>quatenus</strong></span> <span class='ocrx_word' id='word_1_41' title='bbox 691 1019 736 1087; x_wconf 89' lang='lat' dir='ltr'><strong>ad</strong></span> <span class='ocrx_word' id='word_1_42' title='bbox 767 1018 1017 1107; x_wconf 87' lang='lat' dir='ltr'><strong>cognitionem</strong></span> <span class='ocrx_word' id='word_1_43' title='bbox 1051 1018 1239 1087; x_wconf 86' lang='lat' dir='ltr'><strong>Ciceronis</strong></span> <span class='ocrx_word' id='word_1_44' title='bbox 1267 1037 1353 1109; x_wconf 87' lang='lat' dir='ltr'><strong>per-</strong></span> 
     </span>
     <span class='ocr_line' id='line_1_8' title="bbox 243 1134 375 1205; baseline 0 -1"><span class='ocrx_word' id='word_1_45' title='bbox 243 1134 375 1205; x_wconf 86' lang='lat' dir='ltr'><strong>tinent.</strong></span> 
     </span>
    </p>

    <p class='ocr_par' dir='ltr' id='par_1_3' title="bbox 244 1246 1364 3977">
     <span class='ocr_line' id='line_1_9' title="bbox 294 1246 1354 1338; baseline -0.003 -19"><span class='ocrx_word' id='word_1_46' title='bbox 294 1250 340 1319; x_wconf 82' lang='lat' dir='ltr'><strong>Ex</strong></span> <span class='ocrx_word' id='word_1_47' title='bbox 366 1249 519 1320; x_wconf 87' lang='lat' dir='ltr'><strong>diversis</strong></span> <span class='ocrx_word' id='word_1_48' title='bbox 546 1250 660 1337; x_wconf 87' lang='lat' dir='ltr'><strong>igitur</strong></span> <span class='ocrx_word' id='word_1_49' title='bbox 684 1249 887 1319; x_wconf 88' lang='lat' dir='ltr'><strong>moralibus</strong></span> <span class='ocrx_word' id='word_1_50' title='bbox 911 1246 1039 1331; x_wconf 88' lang='grc'><strong>666116,</strong></span> <span class='ocrx_word' id='word_1_51' title='bbox 1060 1268 1143 1337; x_wconf 91' lang='lat' dir='ltr'><strong>quae</strong></span> <span class='ocrx_word' id='word_1_52' title='bbox 1165 1246 1354 1338; x_wconf 90' lang='lat' dir='ltr'><strong>quondam</strong></span> 
     </span>
     <span class='ocr_line' id='line_1_10' title="bbox 244 1362 1354 1452; baseline -0.005 -17"><span class='ocrx_word' id='word_1_53' title='bbox 244 1380 287 1435; x_wconf 83' lang='lat' dir='ltr'><strong>et</strong></span> <span class='ocrx_word' id='word_1_54' title='bbox 305 1362 489 1437; x_wconf 84' lang='lat' dir='ltr'><strong>Socratico</strong></span> <span class='ocrx_word' id='word_1_55' title='bbox 509 1365 609 1434; x_wconf 91' lang='lat' dir='ltr'><strong>sonte</strong></span> <span class='ocrx_word' id='word_1_56' title='bbox 627 1364 883 1445; x_wconf 86' lang='lat' dir='ltr'><strong>diffluxerant,</strong></span> <span class='ocrx_word' id='word_1_57' title='bbox 905 1362 986 1433; x_wconf 85' lang='lat' dir='ltr'><strong>duae</strong></span> <span class='ocrx_word' id='word_1_58' title='bbox 1005 1363 1263 1433; x_wconf 89' lang='lat' dir='ltr'><strong>tantummodo</strong></span> <span class='ocrx_word' id='word_1_59' title='bbox 1276 1364 1354 1452; x_wconf 87' lang='lat' dir='ltr'><strong>jam</strong></span> 
     </span>
     <span class='ocr_line' id='line_1_11' title="bbox 245 1477 1356 1569; baseline -0.004 -21"><span class='ocrx_word' id='word_1_60' title='bbox 245 1479 303 1549; x_wconf 92' lang='lat' dir='ltr'><strong>his</strong></span> <span class='ocrx_word' id='word_1_61' title='bbox 320 1480 549 1569; x_wconf 88' lang='lat' dir='ltr'><strong>temporibus</strong></span> <span class='ocrx_word' id='word_1_62' title='bbox 567 1480 690 1550; x_wconf 74' lang='lat' dir='ltr'><strong>Romae</strong></span> <span class='ocrx_word' id='word_1_63' title='bbox 709 1498 793 1548; x_wconf 90' lang='lat' dir='ltr'><strong>vere</strong></span> <span class='ocrx_word' id='word_1_64' title='bbox 816 1478 1124 1561; x_wconf 85' lang='lat' dir='ltr'><strong>nominabantur,</strong></span> <span class='ocrx_word' id='word_1_65' title='bbox 1144 1477 1264 1547; x_wconf 88' lang='lat' dir='ltr'><strong>Stoica</strong></span> <span class='ocrx_word' id='word_1_66' title='bbox 1283 1477 1356 1547; x_wconf 90' lang='lat' dir='ltr'><strong>sci-</strong></span> 
     </span>
     <span class='ocr_line' id='line_1_12' title="bbox 245 1592 1356 1686; baseline -0.003 -22"><span class='ocrx_word' id='word_1_67' title='bbox 245 1594 333 1666; x_wconf 91' lang='lat' dir='ltr'><strong>licet</strong></span> <span class='ocrx_word' id='word_1_68' title='bbox 348 1604 386 1665; x_wconf 92' lang='lat' dir='ltr'><strong>et</strong></span> <span class='ocrx_word' id='word_1_69' title='bbox 405 1594 601 1686; x_wconf 80' lang='lat' dir='ltr'><strong>Epicurea3</strong></span> <span class='ocrx_word' id='word_1_70' title='bbox 620 1596 734 1664; x_wconf 86' lang='lat' dir='ltr'><strong>altera</strong></span> <span class='ocrx_word' id='word_1_71' title='bbox 752 1594 902 1683; x_wconf 90' lang='lat' dir='ltr'><strong>quidem</strong></span> <span class='ocrx_word' id='word_1_72' title='bbox 917 1594 1102 1682; x_wconf 83' lang='lat' dir='ltr'><strong>asperior,</strong></span> <span class='ocrx_word' id='word_1_73' title='bbox 1123 1592 1356 1662; x_wconf 85' lang='lat' dir='ltr'><strong>fortioribus-</strong></span> 
     </span>
     <span class='ocr_line' id='line_1_13' title="bbox 247 1708 1356 1800; baseline -0.005 -19"><span class='ocrx_word' id='word_1_74' title='bbox 247 1729 319 1800; x_wconf 87' lang='lat' dir='ltr'><strong>que</strong></span> <span class='ocrx_word' id='word_1_75' title='bbox 337 1710 466 1780; x_wconf 90' lang='lat' dir='ltr'><strong>idooea</strong></span> <span class='ocrx_word' id='word_1_76' title='bbox 493 1710 654 1791; x_wconf 90' lang='lat' dir='ltr'><strong>civibus,</strong></span> <span class='ocrx_word' id='word_1_77' title='bbox 679 1709 744 1797; x_wconf 92' lang='lat' dir='ltr'><strong>qui</strong></span> <span class='ocrx_word' id='word_1_78' title='bbox 771 1729 1006 1778; x_wconf 90' lang='lat' dir='ltr'><strong>communem</strong></span> <span class='ocrx_word' id='word_1_79' title='bbox 1035 1728 1147 1798; x_wconf 90' lang='lat' dir='ltr'><strong>snpra</strong></span> <span class='ocrx_word' id='word_1_80' title='bbox 1173 1708 1356 1796; x_wconf 86' lang='lat' dir='ltr'><strong>ignaviam</strong></span> 
     </span>
     <span class='ocr_line' id='line_1_14' title="bbox 249 1823 1356 1912; baseline -0.004 -18"><span class='ocrx_word' id='word_1_81' title='bbox 249 1843 437 1912; x_wconf 85' lang='lat' dir='ltr'><strong>emergere</strong></span> <span class='ocrx_word' id='word_1_82' title='bbox 467 1833 710 1905; x_wconf 81' lang='lat' dir='ltr'><strong>conarentur3</strong></span> <span class='ocrx_word' id='word_1_83' title='bbox 737 1824 927 1892; x_wconf 91' lang='lat' dir='ltr'><strong>remissior</strong></span> <span class='ocrx_word' id='word_1_84' title='bbox 954 1844 1038 1893; x_wconf 88' lang='lat' dir='ltr'><strong>vero</strong></span> <span class='ocrx_word' id='word_1_85' title='bbox 1069 1825 1206 1906; x_wconf 88' lang='lat' dir='ltr'><strong>altera,</strong></span> <span class='ocrx_word' id='word_1_86' title='bbox 1237 1823 1356 1912; x_wconf 87' lang='lat' dir='ltr'><strong>iisque</strong></span> 
     </span>
     <span class='ocr_line' id='line_1_15' title="bbox 250 1937 1357 2026; baseline -0.002 -20"><span class='ocrx_word' id='word_1_87' title='bbox 250 1938 373 2025; x_wconf 88' lang='lat' dir='ltr'><strong>potius</strong></span> <span class='ocrx_word' id='word_1_88' title='bbox 406 1938 702 2020; x_wconf 81' lang='lat' dir='ltr'><strong>accommodata,</strong></span> <span class='ocrx_word' id='word_1_89' title='bbox 730 1938 866 2026; x_wconf 90' lang='lat' dir='ltr'><strong>quibus</strong></span> <span class='ocrx_word' id='word_1_90' title='bbox 904 1937 1022 2006; x_wconf 91' lang='lat' dir='ltr'><strong>otium</strong></span> <span class='ocrx_word' id='word_1_91' title='bbox 1053 1957 1095 2007; x_wconf 91' lang='grc'><strong>66</strong></span> <span class='ocrx_word' id='word_1_92' title='bbox 1132 1938 1357 2026; x_wconf 88' lang='lat' dir='ltr'><strong>voluptatem</strong></span> 
     </span>
     <span class='ocr_line' id='line_1_16' title="bbox 250 2051 1357 2142; baseline -0.002 -22"><span class='ocrx_word' id='word_1_93' title='bbox 250 2051 373 2140; x_wconf 87' lang='lat' dir='ltr'><strong>aliqua</strong></span> <span class='ocrx_word' id='word_1_94' title='bbox 387 2053 574 2142; x_wconf 76' lang='lat' dir='ltr'><strong>sapientiae</strong></span> <span class='ocrx_word' id='word_1_95' title='bbox 589 2053 698 2124; x_wconf 90' lang='lat' dir='ltr'><strong>laude</strong></span> <span class='ocrx_word' id='word_1_96' title='bbox 714 2052 811 2121; x_wconf 89' lang='lat' dir='ltr'><strong>tueri</strong></span> <span class='ocrx_word' id='word_1_97' title='bbox 828 2053 999 2141; x_wconf 83' lang='lat' dir='ltr'><strong>placeret.</strong></span> <span class='ocrx_word' id='word_1_98' title='bbox 1018 2052 1130 2134; x_wconf 90' lang='lat' dir='ltr'><strong>Nam,</strong></span> <span class='ocrx_word' id='word_1_99' title='bbox 1151 2072 1238 2121; x_wconf 92' lang='lat' dir='ltr'><strong>cum</strong></span> <span class='ocrx_word' id='word_1_100' title='bbox 1256 2051 1357 2120; x_wconf 91' lang='lat' dir='ltr'><strong>nulla</strong></span> 
     </span>
     <span class='ocr_line' id='line_1_17' title="bbox 249 2167 1358 2258; baseline -0.002 -21"><span class='ocrx_word' id='word_1_101' title='bbox 249 2167 494 2258; x_wconf 85' lang='lat' dir='ltr'><strong>cupiditatum</strong></span> <span class='ocrx_word' id='word_1_102' title='bbox 513 2189 599 2239; x_wconf 91' lang='lat' dir='ltr'><strong>cum</strong></span> <span class='ocrx_word' id='word_1_103' title='bbox 622 2169 766 2238; x_wconf 92' lang='lat' dir='ltr'><strong>ratione</strong></span> <span class='ocrx_word' id='word_1_104' title='bbox 797 2168 993 2237; x_wconf 88' lang='lat' dir='ltr'><strong>concordia</strong></span> <span class='ocrx_word' id='word_1_105' title='bbox 1015 2168 1054 2235; x_wconf 93' lang='grc'><strong>16</strong></span> <span class='ocrx_word' id='word_1_106' title='bbox 1079 2167 1228 2238; x_wconf 92' lang='grc'><strong>11616166</strong></span> <span class='ocrx_word' id='word_1_107' title='bbox 1257 2167 1358 2236; x_wconf 88' lang='grc'><strong>16166</strong></span> 
     </span>
     <span class='ocr_line' id='line_1_18' title="bbox 250 2282 1358 2372; baseline -0.001 -22"><span class='ocrx_word' id='word_1_108' title='bbox 250 2291 347 2351; x_wconf 85' lang='grc'><strong>61616</strong></span> <span class='ocrx_word' id='word_1_109' title='bbox 374 2302 479 2372; x_wconf 91' lang='lat' dir='ltr'><strong>posse</strong></span> <span class='ocrx_word' id='word_1_110' title='bbox 517 2284 697 2366; x_wconf 79' lang='lat' dir='ltr'><strong>videatur,</strong></span> <span class='ocrx_word' id='word_1_111' title='bbox 718 2284 872 2352; x_wconf 89' lang='lat' dir='ltr'><strong>alteram</strong></span> <span class='ocrx_word' id='word_1_112' title='bbox 908 2302 949 2351; x_wconf 83' lang='lat' dir='ltr'><strong>ex</strong></span> <span class='ocrx_word' id='word_1_113' title='bbox 980 2282 1061 2352; x_wconf 89' lang='lat' dir='ltr'><strong>istis</strong></span> <span class='ocrx_word' id='word_1_114' title='bbox 1085 2283 1220 2371; x_wconf 89' lang='lat' dir='ltr'><strong>quibus</strong></span> <span class='ocrx_word' id='word_1_115' title='bbox 1248 2283 1358 2350; x_wconf 90' lang='lat' dir='ltr'><strong>homo</strong></span> 
     </span>
     <span class='ocr_line' id='line_1_19' title="bbox 251 2395 1359 2486; baseline 0 -22"><span class='ocrx_word' id='word_1_116' title='bbox 251 2395 470 2466; x_wconf 88' lang='lat' dir='ltr'><strong>distrahitur</strong></span> <span class='ocrx_word' id='word_1_117' title='bbox 506 2399 644 2480; x_wconf 87' lang='lat' dir='ltr'><strong>rebus,</strong></span> <span class='ocrx_word' id='word_1_118' title='bbox 674 2399 828 2467; x_wconf 91' lang='grc'><strong>61661116</strong></span> <span class='ocrx_word' id='word_1_119' title='bbox 856 2398 1057 2468; x_wconf 89' lang='lat' dir='ltr'><strong>tollendam</strong></span> <span class='ocrx_word' id='word_1_120' title='bbox 1091 2418 1170 2467; x_wconf 91' lang='lat' dir='ltr'><strong>esse</strong></span> <span class='ocrx_word' id='word_1_121' title='bbox 1203 2408 1359 2486; x_wconf 91' lang='lat' dir='ltr'><strong>utraque</strong></span> 
     </span>
     <span class='ocr_line' id='line_1_20' title="bbox 250 2512 1359 2602; baseline 0.001 -23"><span class='ocrx_word' id='word_1_122' title='bbox 250 2519 351 2580; x_wconf 89' lang='lat' dir='ltr'><strong>secta</strong></span> <span class='ocrx_word' id='word_1_123' title='bbox 368 2512 608 2600; x_wconf 87' lang='lat' dir='ltr'><strong>praedicabat;</strong></span> <span class='ocrx_word' id='word_1_124' title='bbox 627 2521 664 2582; x_wconf 91' lang='lat' dir='ltr'><strong>at</strong></span> <span class='ocrx_word' id='word_1_125' title='bbox 679 2512 791 2582; x_wconf 86' lang='lat' dir='ltr'><strong>Stoici</strong></span> <span class='ocrx_word' id='word_1_126' title='bbox 808 2513 959 2602; x_wconf 91' lang='lat' dir='ltr'><strong>quidem</strong></span> <span class='ocrx_word' id='word_1_127' title='bbox 978 2532 1107 2582; x_wconf 91' lang='lat' dir='ltr'><strong>omnes</strong></span> <span class='ocrx_word' id='word_1_128' title='bbox 1125 2513 1240 2581; x_wconf 89' lang='grc'><strong>661161</strong></span> <span class='ocrx_word' id='word_1_129' title='bbox 1256 2513 1359 2581; x_wconf 85' lang='lat' dir='ltr'><strong>affec-</strong></span> 
     </span>
     <span class='ocr_line' id='line_1_21' title="bbox 250 2626 1359 2717; baseline 0 -23"><span class='ocrx_word' id='word_1_130' title='bbox 250 2633 310 2695; x_wconf 90' lang='lat' dir='ltr'><strong>tus</strong></span> <span class='ocrx_word' id='word_1_131' title='bbox 324 2626 501 2697; x_wconf 88' lang='lat' dir='ltr'><strong>radicitus</strong></span> <span class='ocrx_word' id='word_1_132' title='bbox 513 2628 618 2697; x_wconf 90' lang='lat' dir='ltr'><strong>evelli</strong></span> <span class='ocrx_word' id='word_1_133' title='bbox 634 2628 832 2717; x_wconf 84' lang='lat' dir='ltr'><strong>jubebant,</strong></span> <span class='ocrx_word' id='word_1_134' title='bbox 849 2637 890 2696; x_wconf 89' lang='lat' dir='ltr'><strong>ut</strong></span> <span class='ocrx_word' id='word_1_135' title='bbox 899 2628 1051 2698; x_wconf 88' lang='lat' dir='ltr'><strong>liberius</strong></span> <span class='ocrx_word' id='word_1_136' title='bbox 1062 2629 1172 2696; x_wconf 92' lang='lat' dir='ltr'><strong>homo</strong></span> <span class='ocrx_word' id='word_1_137' title='bbox 1186 2627 1359 2696; x_wconf 88' lang='lat' dir='ltr'><strong>virtutem</strong></span> 
     </span>
     <span class='ocr_line' id='line_1_22' title="bbox 253 2741 1360 2832; baseline 0 -23"><span class='ocrx_word' id='word_1_138' title='bbox 253 2752 565 2831; x_wconf 90' lang='lat' dir='ltr'><strong>consequeretur;</strong></span> <span class='ocrx_word' id='word_1_139' title='bbox 594 2743 684 2813; x_wconf 91' lang='lat' dir='ltr'><strong>dnm</strong></span> <span class='ocrx_word' id='word_1_140' title='bbox 707 2742 896 2832; x_wconf 90' lang='lat' dir='ltr'><strong>Epicureis</strong></span> <span class='ocrx_word' id='word_1_141' title='bbox 921 2751 1049 2811; x_wconf 91' lang='lat' dir='ltr'><strong>contra</strong></span> <span class='ocrx_word' id='word_1_142' title='bbox 1076 2762 1113 2810; x_wconf 91' lang='lat' dir='ltr'><strong>se</strong></span> <span class='ocrx_word' id='word_1_143' title='bbox 1140 2742 1282 2810; x_wconf 90' lang='lat' dir='ltr'><strong>ratione</strong></span> <span class='ocrx_word' id='word_1_144' title='bbox 1300 2741 1360 2809; x_wconf 88' lang='lat' dir='ltr'><strong>ab</strong></span> 
     </span>
     <span class='ocr_line' id='line_1_23' title="bbox 253 2854 1362 2946; baseline 0.002 -23"><span class='ocrx_word' id='word_1_145' title='bbox 253 2854 376 2926; x_wconf 90' lang='lat' dir='ltr'><strong>dicare</strong></span> <span class='ocrx_word' id='word_1_146' title='bbox 403 2857 524 2945; x_wconf 91' lang='lat' dir='ltr'><strong>potius</strong></span> <span class='ocrx_word' id='word_1_147' title='bbox 549 2857 733 2946; x_wconf 90' lang='lat' dir='ltr'><strong>placebat,</strong></span> <span class='ocrx_word' id='word_1_148' title='bbox 751 2867 794 2927; x_wconf 89' lang='grc'><strong>111</strong></span> <span class='ocrx_word' id='word_1_149' title='bbox 819 2857 1085 2946; x_wconf 90' lang='lat' dir='ltr'><strong>voluptatibus,</strong></span> <span class='ocrx_word' id='word_1_150' title='bbox 1114 2877 1155 2925; x_wconf 90' lang='lat' dir='ltr'><strong>re</strong></span> <span class='ocrx_word' id='word_1_151' title='bbox 1177 2857 1279 2924; x_wconf 91' lang='lat' dir='ltr'><strong>nulla</strong></span> <span class='ocrx_word' id='word_1_152' title='bbox 1300 2875 1362 2925; x_wconf 89' lang='lat' dir='ltr'><strong>re-</strong></span> 
     </span>
     <span class='ocr_line' id='line_1_24' title="bbox 254 2970 1359 3062; baseline 0.001 -23"><span class='ocrx_word' id='word_1_153' title='bbox 254 2970 437 3055; x_wconf 89' lang='lat' dir='ltr'><strong>luctante,</strong></span> <span class='ocrx_word' id='word_1_154' title='bbox 463 2972 695 3042; x_wconf 88' lang='lat' dir='ltr'><strong>inservirent.</strong></span> <span class='ocrx_word' id='word_1_155' title='bbox 726 2972 798 3043; x_wconf 89' lang='lat' dir='ltr'><strong>Sua</strong></span> <span class='ocrx_word' id='word_1_156' title='bbox 821 2974 873 3042; x_wconf 90' lang='lat' dir='ltr'><strong>sic</strong></span> <span class='ocrx_word' id='word_1_157' title='bbox 905 2973 1052 3062; x_wconf 87' lang='lat' dir='ltr'><strong>utrique</strong></span> <span class='ocrx_word' id='word_1_158' title='bbox 1076 2971 1359 3060; x_wconf 89' lang='lat' dir='ltr'><strong>intemperantia</strong></span> 
     </span>
     <span class='ocr_line' id='line_1_25' title="bbox 254 3087 1361 3159; baseline 0 -3"><span class='ocrx_word' id='word_1_159' title='bbox 254 3087 352 3157; x_wconf 90' lang='lat' dir='ltr'><strong>ultra</strong></span> <span class='ocrx_word' id='word_1_160' title='bbox 371 3087 561 3159; x_wconf 89' lang='lat' dir='ltr'><strong>veritatem</strong></span> <span class='ocrx_word' id='word_1_161' title='bbox 579 3109 622 3159; x_wconf 90' lang='lat' dir='ltr'><strong>ac</strong></span> <span class='ocrx_word' id='word_1_162' title='bbox 641 3095 810 3158; x_wconf 89' lang='lat' dir='ltr'><strong>naturam</strong></span> <span class='ocrx_word' id='word_1_163' title='bbox 827 3088 1084 3157; x_wconf 82' lang='lat' dir='ltr'><strong>efferebantur.</strong></span> <span class='ocrx_word' id='word_1_164' title='bbox 1097 3087 1361 3157; x_wconf 85' lang='lat' dir='ltr'><strong>-Prudentio</strong></span> 
     </span>
     <span class='ocr_line' id='line_1_26' title="bbox 256 3203 1361 3291; baseline 0.002 -21"><span class='ocrx_word' id='word_1_165' title='bbox 256 3220 316 3270; x_wconf 87' lang='lat' dir='ltr'><strong>res</strong></span> <span class='ocrx_word' id='word_1_166' title='bbox 339 3214 463 3272; x_wconf 88' lang='lat' dir='ltr'><strong>autem</strong></span> <span class='ocrx_word' id='word_1_167' title='bbox 489 3203 696 3271; x_wconf 79' lang='lat' dir='ltr'><strong>Academici</strong></span> <span class='ocrx_word' id='word_1_168' title='bbox 722 3204 1048 3291; x_wconf 88' lang='lat' dir='ltr'><strong>Peripateticique,</strong></span> <span class='ocrx_word' id='word_1_169' title='bbox 1074 3222 1159 3271; x_wconf 92' lang='lat' dir='ltr'><strong>cum</strong></span> <span class='ocrx_word' id='word_1_170' title='bbox 1190 3213 1361 3272; x_wconf 88' lang='lat' dir='ltr'><strong>naturam</strong></span> 
     </span>
     <span class='ocr_line' id='line_1_27' title="bbox 255 3315 1362 3406; baseline 0.004 -23"><span class='ocrx_word' id='word_1_171' title='bbox 255 3315 307 3385; x_wconf 90' lang='lat' dir='ltr'><strong>ita</strong></span> <span class='ocrx_word' id='word_1_172' title='bbox 335 3315 542 3384; x_wconf 87' lang='lat' dir='ltr'><strong>defraudari</strong></span> <span class='ocrx_word' id='word_1_173' title='bbox 563 3336 667 3405; x_wconf 91' lang='lat' dir='ltr'><strong>posse</strong></span> <span class='ocrx_word' id='word_1_174' title='bbox 694 3328 889 3404; x_wconf 82' lang='lat' dir='ltr'><strong>negarent,</strong></span> <span class='ocrx_word' id='word_1_175' title='bbox 911 3319 1109 3406; x_wconf 86' lang='lat' dir='ltr'><strong>perlectam</strong></span> <span class='ocrx_word' id='word_1_176' title='bbox 1130 3317 1305 3388; x_wconf 89' lang='lat' dir='ltr'><strong>virtutem</strong></span> <span class='ocrx_word' id='word_1_177' title='bbox 1323 3319 1362 3387; x_wconf 92' lang='lat' dir='ltr'><strong>in</strong></span> 
     </span>
     <span class='ocr_line' id='line_1_28' title="bbox 253 3429 1358 3520; baseline 0.003 -21"><span class='ocrx_word' id='word_1_178' title='bbox 253 3429 415 3519; x_wconf 87' lang='lat' dir='ltr'><strong>quadam</strong></span> <span class='ocrx_word' id='word_1_179' title='bbox 431 3431 597 3499; x_wconf 89' lang='lat' dir='ltr'><strong>omnium</strong></span> <span class='ocrx_word' id='word_1_180' title='bbox 617 3450 740 3500; x_wconf 90' lang='lat' dir='ltr'><strong>rerum</strong></span> <span class='ocrx_word' id='word_1_181' title='bbox 760 3430 1011 3502; x_wconf 87' lang='lat' dir='ltr'><strong>moderatione</strong></span> <span class='ocrx_word' id='word_1_182' title='bbox 1026 3432 1164 3501; x_wconf 88' lang='lat' dir='ltr'><strong>rectius</strong></span> <span class='ocrx_word' id='word_1_183' title='bbox 1184 3451 1358 3520; x_wconf 88' lang='lat' dir='ltr'><strong>posuere:</strong></span> 
     </span>
     <span class='ocr_line' id='line_1_29' title="bbox 253 3544 1363 3636; baseline 0.002 -22"><span class='ocrx_word' id='word_1_184' title='bbox 253 3544 319 3614; x_wconf 85' lang='lat' dir='ltr'><strong>sed</strong></span> <span class='ocrx_word' id='word_1_185' title='bbox 351 3563 542 3633; x_wconf 90' lang='lat' dir='ltr'><strong>nunquam</strong></span> <span class='ocrx_word' id='word_1_186' title='bbox 568 3546 656 3615; x_wconf 91' lang='lat' dir='ltr'><strong>satis</strong></span> <span class='ocrx_word' id='word_1_187' title='bbox 681 3545 835 3615; x_wconf 85' lang='lat' dir='ltr'><strong>delinire</strong></span> <span class='ocrx_word' id='word_1_188' title='bbox 863 3555 1058 3636; x_wconf 89' lang='lat' dir='ltr'><strong>poterant,</strong></span> <span class='ocrx_word' id='word_1_189' title='bbox 1087 3547 1222 3635; x_wconf 89' lang='lat' dir='ltr'><strong>quibus</strong></span> <span class='ocrx_word' id='word_1_190' title='bbox 1254 3548 1363 3616; x_wconf 90' lang='lat' dir='ltr'><strong>certis</strong></span> 
     </span>
     <span class='ocr_line' id='line_1_30' title="bbox 259 3655 1363 3749; baseline 0.003 -24"><span class='ocrx_word' id='word_1_191' title='bbox 259 3655 395 3726; x_wconf 88' lang='lat' dir='ltr'><strong>finibus</strong></span> <span class='ocrx_word' id='word_1_192' title='bbox 424 3656 605 3726; x_wconf 90' lang='lat' dir='ltr'><strong>rationem</strong></span> <span class='ocrx_word' id='word_1_193' title='bbox 653 3659 947 3748; x_wconf 88' lang='lat' dir='ltr'><strong>cupiditatesque</strong></span> <span class='ocrx_word' id='word_1_194' title='bbox 989 3661 1088 3729; x_wconf 90' lang='lat' dir='ltr'><strong>inter</strong></span> <span class='ocrx_word' id='word_1_195' title='bbox 1123 3680 1161 3729; x_wconf 75' lang='grc'><strong>16</strong></span> <span class='ocrx_word' id='word_1_196' title='bbox 1191 3660 1363 3749; x_wconf 90' lang='grc'><strong>66166661</strong></span> 
     </span>
     <span class='ocr_line' id='line_1_31' title="bbox 260 3760 1364 3863; baseline 0.002 -22"><span class='ocrx_word' id='word_1_197' title='bbox 260 3790 408 3860; x_wconf 88' lang='lat' dir='ltr'><strong>aequum</strong></span> <span class='ocrx_word' id='word_1_198' title='bbox 423 3781 534 3853; x_wconf 89' lang='lat' dir='ltr'><strong>esset;</strong></span> <span class='ocrx_word' id='word_1_199' title='bbox 550 3773 746 3862; x_wconf 90' lang='lat' dir='ltr'><strong>omniaque</strong></span> <span class='ocrx_word' id='word_1_200' title='bbox 762 3775 925 3844; x_wconf 91' lang='lat' dir='ltr'><strong>indubio</strong></span> <span class='ocrx_word' id='word_1_201' title='bbox 943 3760 1183 3863; x_wconf 85' lang='lat' dir='ltr'><strong>reliquerant,</strong></span> <span class='ocrx_word' id='word_1_202' title='bbox 1194 3775 1364 3843; x_wconf 83' lang='lat' dir='ltr'><strong>eximiam</strong></span> 
     </span>
     <span class='ocr_line' id='line_1_32' title="bbox 260 3886 1117 3977; baseline 0.002 -22"><span class='ocrx_word' id='word_1_203' title='bbox 260 3904 348 3955; x_wconf 90' lang='lat' dir='ltr'><strong>sane</strong></span> <span class='ocrx_word' id='word_1_204' title='bbox 368 3886 659 3957; x_wconf 86' lang='lat' dir='ltr'><strong>declamantibus</strong></span> <span class='ocrx_word' id='word_1_205' title='bbox 675 3889 895 3977; x_wconf 85' lang='lat' dir='ltr'><strong>eloquentiae</strong></span> <span class='ocrx_word' id='word_1_206' title='bbox 913 3890 1117 3957; x_wconf 89' lang='lat' dir='ltr'><strong>materiam.</strong></span> 
     </span>
    </p>

    <p class='ocr_par' dir='ltr' id='par_1_4' title="bbox 265 4000 1367 4203">
     <span class='ocr_line' id='line_1_33' title="bbox 311 4000 1367 4092; baseline 0.001 -22"><span class='ocrx_word' id='word_1_207' title='bbox 311 4002 363 4070; x_wconf 92' lang='lat' dir='ltr'><strong>De</strong></span> <span class='ocrx_word' id='word_1_208' title='bbox 380 4000 514 4090; x_wconf 91' lang='lat' dir='ltr'><strong>quibus</strong></span> <span class='ocrx_word' id='word_1_209' title='bbox 531 4021 615 4071; x_wconf 88' lang='lat' dir='ltr'><strong>vero</strong></span> <span class='ocrx_word' id='word_1_210' title='bbox 633 4003 787 4090; x_wconf 88' lang='lat' dir='ltr'><strong>singulis</strong></span> <span class='ocrx_word' id='word_1_211' title='bbox 807 4004 1046 4092; x_wconf 87' lang='lat' dir='ltr'><strong>philosophiae</strong></span> <span class='ocrx_word' id='word_1_212' title='bbox 1061 4003 1169 4073; x_wconf 91' lang='lat' dir='ltr'><strong>sectis</strong></span> <span class='ocrx_word' id='word_1_213' title='bbox 1187 4005 1367 4073; x_wconf 86' lang='lat' dir='ltr'><strong>nonnulla</strong></span> 
     </span>
     <span class='ocr_line' id='line_1_34' title="bbox 265 4114 770 4203; baseline 0.006 -22"><span class='ocrx_word' id='word_1_214' title='bbox 265 4114 380 4184; x_wconf 84' lang='lat' dir='ltr'><strong>fusius</strong></span> <span class='ocrx_word' id='word_1_215' title='bbox 396 4115 574 4185; x_wconf 88' lang='lat' dir='ltr'><strong>disserere</strong></span> <span class='ocrx_word' id='word_1_216' title='bbox 595 4135 687 4203; x_wconf 90' lang='lat' dir='ltr'><strong>opus</strong></span> <span class='ocrx_word' id='word_1_217' title='bbox 704 4125 770 4185; x_wconf 89' lang='lat' dir='ltr'><strong>est.</strong></span> 
     </span>
    </p>

    <p class='ocr_par' dir='ltr' id='par_1_5' title="bbox 314 4225 1367 4320">
     <span class='ocr_line' id='line_1_35' title="bbox 314 4225 1367 4320; baseline 0.007 -27"><span class='ocrx_word' id='word_1_218' title='bbox 314 4225 615 4316; x_wconf 89' lang='lat' dir='ltr'><strong>l.Nullaquidem</strong></span> <span class='ocrx_word' id='word_1_219' title='bbox 624 4228 1367 4320; x_wconf 83' lang='lat' dir='ltr'><strong>llomaepluresdiscipulosadsedoctrina,</strong></span> 
     </span>
    </p>
   </div>
   <div class='ocr_carea' id='block_1_3' title="bbox 0 0 1515 4750">
    <p class='ocr_par' dir='ltr' id='par_1_6' title="bbox 0 0 1515 4750">
     <span class='ocr_line' id='line_1_36' title="bbox 0 0 1515 4750; baseline 0 0"><span class='ocrx_word' id='word_1_220' title='bbox 0 0 1515 4750; x_wconf 95' lang='lat' dir='ltr'><strong> </strong></span> 
     </span>
    </p>
   </div>
  </div>
 </body>
</html>
