2984 4750
705 222 895 298 ..pg-

247 401 484 481 mentemque
516 400 635 461 versat
670 408 735 478 per
766 391 919 473 omnia,
952 409 994 459 ac
1026 391 1120 460 mira
1154 392 1357 464 subtilitate

248 526 379 578 vacuas
405 506 575 595 inprimis
596 506 684 576 istas
709 505 948 593 aegritudines
975 514 1013 574 11
1033 505 1197 590 fastidia,
1218 507 1357 597 quibus

246 623 416 693 homines
437 621 682 706 tabescerent,
705 621 912 692 describit:
935 619 998 691 sed
1032 619 1119 691 eum
1145 622 1357 694 animorum

244 738 460 824 languorem
474 736 601 807 Cicero
616 735 738 806 videre
756 755 824 806 nec
840 735 976 824 potuit,
994 753 1062 805 nec
1077 737 1202 807 voluit.

672 1187 676 1194 ’
766 1190 839 1260 VI.

248 1406 288 1456 Da
301 1404 543 1457 Purra-Paete
554 1406 686 1456 utilitatem
702 1419 747 1469 pro
764 1419 880 1469 supremo
896 1407 960 1457 bono
978 1412 1093 1471 proponit
1108 1409 1206 1470 Cicero,
1221 1411 1285 1462 unde
1302 1423 1354 1463 cc·

277 1492 329 1536 tera
339 1486 418 1536 oilloia
428 1488 484 1536 vitae
499 1490 564 1535 certo
576 1488 690 1551 κριτηρίῳ
701 1485 962 1550 ordinemne—Quae
973 1501 1003 1538 ex
1012 1502 1042 1538 ea
1051 1492 1137 1552 patriae
1149 1491 1358 1552 religionellomae

276 1570 408 1615 consecuta
416 1567 475 1626 sint,
491 1578 570 1627 quum
582 1566 668 1614 civitas
678 1569 760 1614 totum
772 1565 858 1615 orbern
869 1571 993 1616 terrarum
1003 1567 1215 1630 complecteretur.

886 1739 940 1782 Urbi
952 1745 1016 1794 pater
1026 1745 1074 1792 est,
1086 1739 1185 1796 urbique
1197 1739 1302 1782 maritus.

1032 1825 1035 1829 ·
1122 1810 1225 1862 Plora,
1238 1809 1266 1852 ll.

296 1997 515 2088 Quanquam
549 1998 764 2070 Ciceronem
789 2000 828 2068 in
858 2019 923 2069 sua
947 2000 1093 2069 virtutis
1127 1998 1359 2068 institutione

245 2134 366 2204 neque
378 2116 473 2185 Deos
488 2115 734 2198 immortales,
747 2134 872 2205 neque
890 2133 993 2204 spem
1011 2115 1162 2184 alterius
1178 2114 1259 2182 vitae
1277 2132 1357 2182 res-

245 2230 385 2319 pexisse
402 2230 574 2314 diximus,
590 2250 664 2302 non
679 2231 740 2300 hic
753 2231 970 2318 religionem
983 2238 1106 2300 tamen
1126 2227 1278 2300 omnino
1296 2228 1357 2298 de-

244 2345 374 2430 fuisse,
421 2367 503 2438 quae
536 2365 665 2417 omnes
695 2347 842 2417 virtutis
874 2355 996 2436 partes
1034 2347 1354 2435 complecteretur,

242 2460 445 2561 existimari
462 2462 583 2533 velim.
611 2462 780 2552 Undique
806 2462 908 2532 enim
926 2463 1024 2532 inter
1041 2470 1096 2532 tot
1113 2461 1256 2531 diversa
1273 2461 1357 2530 vitae
1411 2455 1415 2464 '

243 2576 383 2661 officia,
405 2578 565 2661 eminet,
595 2587 636 2646 ut
653 2577 705 2647 ita
725 2577 867 2661 dicam,
897 2578 1028 2665 ingens
1054 2576 1181 2666 patriae
1206 2576 1353 2664 imago,

242 2705 327 2782 qnae
342 2691 515 2763 Romanis
527 2701 609 2763 turn
621 2712 687 2783 pro
697 2693 840 2763 caeteris
851 2691 1024 2762 omnibus
1035 2691 1112 2761 Diis
1126 2690 1330 2762 habebatur
1344 2714 1354 2772 ;

243 2807 336 2878 illud
368 2805 473 2896 quasi
505 2808 618 2877 totius
650 2806 854 2897 disciplinae
886 2825 961 2876 suae
994 2806 1179 2894 fastigium
1214 2805 1358 2876 extollit

243 2922 388 3004 Noster,
404 2941 477 3012 quo
489 2931 622 2993 caetera
634 2932 813 3012 spectent,
831 2921 1359 3010 referanturqueQuandoque

243 3036 363 3108 officia
380 3036 477 3107 inter
487 3056 545 3121 se,
561 3045 602 3107 ut
618 3056 713 3127 saepe
725 3037 787 3120 lit,
808 3036 980 3107 ridentur
996 3055 1223 3126 repugnare,
1239 3035 1358 3106 conti-

243 3173 319 3224 nuo
328 3172 566 3225 communem
574 3172 657 3223 eam
676 3154 804 3242 patriae
822 3153 1019 3223 utilitatem
1036 3173 1079 3223 ac
1093 3151 1262 3240 gloriam,
1276 3160 1356 3220 tan-

241 3287 356 3359 quam
374 3286 590 3357 supremum
618 3266 845 3338 discriminis
875 3280 1017 3364 κριτήριον
1041 3268 1227 3348 admovet,
1258 3266 1357 3336 unde

243 3379 535 3473 planinssinguli
552 3379 649 3450 cives
664 3381 753 3471 quid
766 3382 963 3471 agendum,
980 3382 1070 3473 quid
1083 3381 1274 3451 vitandum
1291 3379 1353 3463 sit,

242 3498 466 3567 discernant.

292 3611 372 3681 Non
393 3619 448 3681 sat
464 3619 544 3683 crat
560 3610 660 3681 enim
681 3631 755 3682 uno
773 3612 883 3682 verbo
901 3631 987 3682 cum
1008 3610 1201 3682 Socraticis
1222 3608 1355 3678 dixisse

244 3726 425 3818 quidquid
442 3726 639 3797 honestum
657 3735 754 3797 esset
777 3746 865 3798 cum
882 3747 967 3797 vera
988 3726 1148 3796 utilitate
1165 3744 1244 3794 esse
1265 3743 1357 3793 con-

239 3843 434 3933 junctum;
454 3840 683 3911 honestatem
709 3841 824 3930 igitur
840 3860 986 3931 semper
1003 3861 1082 3912 esse
1101 3838 1353 3930 sequendam:

243 3967 280 4028 et
298 3957 330 4027 si
360 3956 507 4047 quando
532 3956 701 4046 quaedam
716 3966 956 4026 occurrerent
974 3957 1095 4046 specie
1123 3954 1276 4045 quidem
1291 3952 1356 4021 bo-

243 4081 366 4155 nesta,
399 4073 496 4142 inter
521 4090 560 4143 se
583 4082 705 4140 tamen
732 4072 997 4161 repugnantia,
1019 4080 1100 4141 tum
1119 4070 1157 4140 id
1175 4068 1273 4160 qnod
1292 4068 1355 4137 lro-

245 4195 391 4271 nestum
413 4176 609 4269 videretur,
629 4186 918 4276 praelerendum;
939 4187 1050 4276 idque
1067 4187 1156 4256 item
1173 4193 1210 4254 11
1229 4181 1356 4253 utilius
