2984 4750
658 275 704 286 ..
728 237 752 306 7
783 275 825 287 -

192 403 282 488 Diis,
293 404 334 472 in
348 403 485 472 alienas
499 401 697 489 religiones
712 412 882 487 mereat
895 400 1075 493 quidquid
1091 418 1134 473 ex
1151 401 1300 491 AEgypto

192 519 346 608 Asiaque
363 496 659 606 impurissimum
682 517 917 603 afferebatur,
937 516 1152 588 consectari.
1175 502 1301 585 Exter-

191 633 249 704 nis
258 643 383 702 autem
395 648 481 702 curn
495 632 573 701 Diis
581 632 674 714 istis,
687 632 880 722 pravisque
896 632 1070 715 cultibus,
1086 633 1174 701 vitia
1190 631 1301 700 simul

191 767 234 817 ac
247 746 495 835 corruptelam
509 747 678 816 omnium
694 748 861 834 gentium
875 756 1053 837 tanquam
1066 746 1103 815 in
1116 746 1302 817 civitatem

193 862 307 932 lionra
325 861 546 950 excipiebat,
576 863 670 931 lacta
687 862 856 949 quaedam
879 863 992 933 totius
1016 862 1117 932 orbis
1142 861 1298 931 sentina.

240 976 390 1045 Senatus
399 993 499 1058 vero,
511 976 604 1045 alter
617 976 680 1045 ille
693 976 894 1064 quondam,
906 985 949 1046 nt
961 975 1082 1046 Gineae
1094 974 1300 1056 videbatur,

194 1091 355 1163 Deorum
367 1090 633 1159 immortalium
643 1100 774 1171 coetus,
786 1090 1008 1180 jamdudum
1022 1090 1118 1159 vitiis
1131 1089 1304 1159 omnibus

192 1205 283 1275 adeo
299 1204 508 1286 laborabat,
537 1214 577 1274 ut
598 1224 673 1276 non
691 1206 802 1275 modo
821 1224 1009 1287 censores,
1033 1205 1222 1275 sedetiam
1241 1206 1304 1293 ju·

193 1320 292 1389 dices
315 1338 444 1389 omnes
473 1318 672 1406 defatigare
701 1320 892 1408 potuisset.
920 1320 1098 1406 Quaenam
1128 1327 1304 1408 praeterea

193 1433 314 1504 Curiae
327 1435 404 1523 jam
431 1435 541 1503 iacies
559 1453 639 1502 esse
662 1433 809 1516 debuit,
839 1444 1033 1522 postquam
1052 1436 1167 1504 victor
1185 1433 1305 1504 Caesar

196 1567 271 1618 non
288 1548 481 1617 libertinos
496 1546 624 1630 modo,
652 1547 716 1617 sed
730 1548 909 1637 quosdam
923 1567 1071 1637 quoqne
1089 1569 1109 1618 e
1126 1546 1305 1617 semibar-

196 1661 293 1732 baris
310 1663 499 1733 Gallorum
517 1670 600 1751 post
620 1662 853 1750 triumphurn
880 1664 919 1731 in
937 1673 1086 1753 patrum
1106 1681 1304 1733 numerum

195 1775 394 1871 recepit(l)
407 1782 467 1848 1-
478 1776 577 1862 ¹Quin
593 1777 717 1860 etiam,
730 1778 769 1847 in
782 1779 850 1847 bac
863 1779 1031 1847 omnium
1046 1779 1212 1865 gentium
1228 1778 1306 1846 col-

197 1892 314 1976 luvie,
331 1893 425 1962 Plebs
440 1891 520 1981 ipsa
534 1901 650 1976 vetus,
667 1901 845 1983 tanquam
862 1895 1052 1983 absorpta,
1067 1895 1182 1964 ferme
1195 1892 1307 1961 inter·

198 2009 301 2078 ierat.
332 2007 439 2092 Quod
467 2007 519 2090 si,
544 2016 691 2095 patrum
712 2008 864 2097 quidem
889 2010 1087 2091 memoria,
1113 1994 1153 2079 'P.
1179 2006 1308 2078 Nasica

194 2125 271 2213 jam
288 2124 440 2192 Romam
458 2121 719 2209 indignabatur
736 2142 927 2193 servorum
941 2124 1125 2211 gregibus,
1147 2140 1307 2211 quorum

198 2259 354 2310 noverca
366 2247 462 2309 essct
476 2238 599 2326 ltalia,
613 2237 820 2326 perturbari
832 2261 840 2319 ;
854 2258 965 2328 quam
980 2256 1114 2327 paucos
1123 2257 1165 2307 ex
1176 2236 1306 2327 priscis

197 2355 356 2436 civibus,
388 2354 593 2444 praesertim
614 2362 695 2444 post
711 2353 891 2424 Marianas
907 2351 1144 2442 Syllanasque
1163 2351 1303 2431 clades,

199 2470 469 2559 novissimaque
482 2469 606 2540 civilia
623 2469 739 2551 bella,
762 2469 939 2539 restitisse
959 2469 1106 2550 credas,
1126 2468 1190 2556 qui
1212 2468 1251 2535 ln
1269 2486 1307 2535 se

197 2584 360 2673 pristinoe
387 2584 547 2655 civitatis
586 2584 787 2673 imaginem
822 2584 1026 2656 referrent?
1060 2583 1162 2651 Hanc
1193 2582 1307 2669 igitur

198 2700 441 2771 adulteratam
454 2700 603 2782 urbem,

679 2864 798 2927 nulloque
808 2864 961 2926 frequentem

356 2943 416 2994 Cive
431 2942 609 3004 molismum,
627 2944 716 2994 mundi
732 2944 776 2993 sed
791 2943 850 2994 luce
861 2945 997 3007 repletam,

204 3132 366 3201 seniores
406 3131 463 3200 vix
496 3128 755 3218 agnoscebant.
803 3127 900 3212 Quin
932 3128 1054 3196 lorum
1086 3125 1208 3214 ipsum
1237 3125 1309 3193 alio

203 3246 324 3316 Caesar
335 3245 533 3316 transferre
549 3245 733 3326 voluerat,
754 3253 811 3325 ut,
832 3243 935 3313 novis
953 3241 1176 3329 mutatisque
1193 3239 1311 3309 omni·

205 3362 274 3432 bus
286 3414 295 3445 ,
309 3360 506 3430 multitudo
521 3359 643 3429 minus
661 3358 822 3447 priorem
838 3357 1043 3427 libertatem
1058 3375 1100 3424 ac
1118 3355 1220 3444 Reip.
1241 3363 1311 3423 sta·

205 3485 286 3546 tum
309 3475 576 3545 recordaretur.
611 3472 707 3559 Quid
737 3472 873 3543 mirum
890 3472 1023 3558 igitur,
1042 3470 1095 3550 si,
1124 3470 1203 3557 ipsa
1221 3467 1313 3538 deli-

205 3593 345 3674 ciante,
364 3600 406 3659 nt
416 3591 467 3660 ita
480 3591 600 3660 dicam
612 3642 620 3671 ,
634 3588 766 3677 patria,
781 3588 892 3657 insita
906 3606 1053 3676 quoqne
1069 3586 1131 3655 illa
1148 3584 1311 3654 Romano

206 3706 433 3775 vivacissima
447 3705 573 3793 patriae
587 3704 719 3773 caritas
731 3701 919 3771 interdum
937 3700 1110 3770 defecisse
1125 3698 1313 3768 videatur?

207 3824 328 3912 Ipsam
339 3819 439 3888 enim
451 3820 657 3901 civitatem,
675 3819 798 3906 ipsum
811 3826 1000 3898 senatum,
1014 3816 1116 3904 jura,
1135 3813 1314 3900 leges‚li··

241 4149 274 4207 (l)
366 4145 449 4194 Gallos
460 4143 540 4193 Caesar
551 4144 576 4189 in
588 4140 745 4202 triumphum
757 4140 833 4195 ducit,
849 4139 914 4188 idem
923 4142 949 4187 in
960 4140 1071 4195 curiam;

365 4224 430 4272 Galli
442 4224 541 4272 braccas
552 4223 731 4282 deposuerunt,
744 4220 823 4268 latum
834 4220 933 4268 clavum
945 4220 1096 4266 sumserunt,
