2984 4750
661 196 854 265 ...18-

252 368 312 439 Sic
327 376 431 439 retus
447 365 509 437 iila
520 382 721 455 asperaque
738 364 834 434 Stoae
847 361 1028 443 doctrina,
1044 378 1128 450 quae
1144 362 1307 450 primum

202 504 225 553 a
248 482 361 555 rebus
382 479 647 570 bominumque
670 477 936 549 consuetudine
959 475 1118 545 nimium
1139 485 1305 558 remota,

202 597 243 669 in
261 594 453 683 anguinea
468 593 640 685 quidem,
656 592 720 663 sed
730 612 822 662 vana
836 590 1151 684 prolectosomuia
1161 604 1309 659 evenes

200 730 286 783 cere
305 708 509 788 videbatur,
528 707 591 777 ubi
607 707 684 797 jam
697 707 794 778 inter
810 707 1162 777 hominesstrenuos
1183 705 1310 774 Rome

201 824 315 915 erepit
336 823 491 905 versari,
511 822 662 912 propius
678 820 724 889 ad
745 821 933 907 vulgarem
957 819 1232 909 humanamque
1252 819 1307 886 vi-

203 937 311 1010 vendi
334 936 615 1025 intelligentiam
636 935 859 1005 descendere
877 942 1004 1003 coacta
1026 943 1095 1003 est.

248 1052 328 1123 Non
345 1050 408 1123 diu
433 1070 517 1121 vero
535 1050 635 1120 iliam
654 1050 693 1120 in
711 1048 1000 1139 philosophando
1017 1047 1308 1118 moderationem

202 1166 355 1239 nomam
371 1165 669 1237 observaverunt.
687 1164 779 1234 Nam
794 1163 932 1253 publici
954 1162 1160 1251 privatique
1187 1181 1309 1232 mores

199 1296 282 1351 mox
296 1278 387 1347 adeo
399 1276 447 1349 ab
461 1278 615 1349 honesto
630 1276 864 1359 deciderant,
880 1287 922 1347 ut
939 1277 1041 1346 nulla
1056 1278 1134 1366 jam
1161 1276 1310 1345 virtutis

198 1410 285 1463 cum
302 1392 491 1463 communi
510 1392 592 1461 vitre
615 1412 683 1462 usu
710 1392 922 1483 conjunctio
944 1411 1022 1461 esse
1040 1410 1146 1480 posse
1165 1390 1310 1460 videre-

199 1514 278 1587 tur,
294 1524 414 1595 neque
429 1504 613 1576 mediocre
628 1505 831 1597 quidquam
849 1506 977 1574 lutam
991 1506 1147 1574 immani
1161 1522 1310 1575 morum

199 1619 406 1709 corruptela
417 1620 595 1692 mneriln
607 1619 1311 1710 novissimisigiturquibusRespperiit

202 1733 391 1823 procellis,
418 1734 600 1823 optimum
624 1753 809 1824 quemque
826 1736 963 1816 civem,
985 1735 1144 1803 Rutilium
1177 1737 1308 1825 Rufum,

201 1846 253 1919 Μ,
277 1852 425 1929 Brutum,
450 1854 600 1919 Catonem
615 1848 787 1939 denique,
810 1856 1072 1939 Fauonimuque,
1093 1858 1163 1919 etc.
1180 1850 1226 1918 ad
1245 1848 1312 1920 Ze-

205 1980 338 2033 nonem
361 1960 681 2052 Cbrysippumque
704 1964 825 2033 redire
845 1964 983 2045 videas,
1005 1972 1042 2032 et
1069 1964 1252 2054 quidquid
1272 1965 1312 2033 in

205 2077 261 2149 iria
277 2077 522 2169 asperrimum
537 2088 628 2161 erat,
640 2080 890 2168 desperanter,
907 2089 1085 2168 tanquam
1100 2080 1309 2168 naufragos,

203 2210 387 2281 prensare.
408 2191 503 2263 ‘ium
519 2193 723 2283 sapientem
741 2193 845 2263 illum
865 2192 973 2278 Stoae,
986 2194 1160 2264 omnibus
1177 2213 1312 2264 nume-

201 2307 252 2378 ria
270 2306 500 2390 absolutum,
516 2307 614 2378 baud
629 2309 707 2398 jam
722 2308 842 2379 verbis
859 2317 1017 2392 tantum,
1037 2317 1079 2380 ut
1100 2309 1311 2391 Panaetius,

202 2423 265 2495 sed
295 2422 408 2494 totius
432 2421 514 2492 vitae
538 2423 649 2493 etiam
673 2423 818 2506 babitu,
850 2443 957 2512 agere
983 2425 1181 2496 studebant
1209 2448 1218 2494 ε
1250 2444 1313 2494 eos

202 2537 362 2621 enimin
381 2546 482 2608 tanta
499 2537 667 2608 omnium
682 2558 807 2608 rerum
821 2538 1067 2622 deformitate,
1085 2541 1130 2609 ad
1144 2553 1314 2610 serenam

202 2653 302 2722 illam
329 2651 517 2742 sapientire
544 2673 656 2742 quam
679 2653 973 2741 excogitaverant
996 2655 1243 2724 excelsitatem
1276 2664 1314 2725 et

202 2775 376 2857 tanquam
403 2773 545 2849 ἀπαθείας
566 2785 689 2836 arcem
710 2767 909 2856 confugere
925 2767 1101 2857 J'uvabat,
1122 2768 1221 2839 uude
1240 2780 1314 2839 ter-

202 2901 291 2953 rena
323 2879 565 2970 despicerent.
602 2879 759 2950 Sublimi
797 2881 867 2951 hoc
901 2901 1028 2953 rerum
1064 2883 1312 2954 humanarum

203 3005 417 3085 contemptu
435 2996 600 3066 animum
623 2995 757 3066 Brutus
775 2996 959 3084 erigebat,
987 3017 1074 3067 cum
1088 2999 1165 3087 jam
1184 2999 1230 3068 ad
1253 3019 1316 3070 ex-

203 3117 321 3183 trema
347 3131 414 3201 pro
437 3111 607 3181 libertate
633 3112 801 3181 audenda
819 3123 989 3201 paratus,
1015 3113 1212 3184 scriberet:
1237 3145 1249 3176 ι
1278 3114 1316 3184 Si

206 3251 219 3290 x
245 3234 370 3296 secuta
388 3227 498 3296 inerit
518 3243 601 3315 quae
616 3225 724 3296 debet
741 3228 901 3311 fortuna,
912 3228 1152 3316 gaudebimus
1162 3249 1290 3299 omnes
1307 3254 1315 3298 ε

206 3343 301 3412 »sin
322 3341 464 3422 minus,
490 3359 557 3429 ego
584 3349 706 3409 tamen
737 3343 903 3429 gaudebo
907 3397 979 3413 .....
1011 3344 1107 3431 Quid
1132 3347 1232 3414 euim
1261 3353 1317 3415 est

205 3479 221 3522 s
247 3455 396 3538 melius,
421 3475 534 3545 qnam
555 3456 733 3524 memoria
757 3467 857 3527 recte
884 3460 1063 3529 factorum
1081 3470 1118 3530 et
1145 3461 1317 3530 libertate

205 3602 218 3636 »
242 3579 459 3641 'contentum
478 3569 664 3657 negligere
680 3567 876 3641 homines?
897 3603 909 3632 a
928 3614 974 3626 -
992 3572 1060 3644 Sed
1079 3575 1167 3662 quid
1181 3594 1225 3643 ea
1242 3575 1315 3643 vir-

206 3687 295 3756 tutis
312 3684 447 3755 ferocia
460 3684 514 3753 illi
529 3684 685 3774 proluit,
707 3685 777 3754 nisi
799 3706 873 3775 quo
888 3686 1032 3757 doctius
1047 3689 1319 3779 superbiusque

206 3798 251 3866 de
268 3796 403 3865 virtute
421 3793 665 3863 moribundus
681 3794 916 3884 desperaret?

254 3910 412 3981 Alteram
434 3911 535 3979 enim
559 3909 653 3977 banc
673 3911 868 3991 virtutem,
891 3913 1008 3999 magis
1030 3914 1075 3981 ad
1096 3914 1316 4003 disputatio-

207 4045 292 4097 nem
322 4045 433 4115 quam
462 4024 645 4095 advitam
676 4043 905 4114 expressam,
939 4027 1051 4098 nimis
1080 4049 1190 4119 supra
1220 4030 1317 4099 vires

206 4143 385 4216 humanas
410 4139 519 4209 Stoici
555 4139 775 4210 extulerant.
805 4139 919 4209 Suum
945 4143 1082 4232 quippe
1113 4145 1318 4234 sapientem
