2984 4750
586 213 777 286 ...15..

134 402 194 478 pra
226 405 355 457 omnes
383 404 443 455 res
470 386 650 469 humanas
677 383 891 464 extollebat,
938 389 1048 471 atquc
1078 402 1164 452 eum
1198 378 1237 453 in

135 503 285 572 deorum
302 520 416 590 prope
433 517 590 570 numero
603 498 830 569 collocabat?

180 616 324 706 ltaque,
362 635 448 685 cum
479 615 641 704 primum
671 614 852 683 Panaetius
885 612 1039 681 Romam
1071 623 1237 695 venerat,

136 730 330 821 discipulos
353 729 482 799 babuit
505 739 542 799 et
565 730 703 801 multos
726 737 764 797 et
784 735 999 816 praestantes
1024 727 1241 799 auctoritate

137 846 355 937 ingenioque
382 845 561 914 homines.
592 841 781 931 Quidquid
810 841 909 910 enirn
940 842 1243 929 gravissimorum

137 971 345 1033 senatorum
356 961 524 1050 iurisque
536 959 791 1039 consultorum
804 966 900 1040 erat,
917 967 1051 1046 praeter
1064 958 1243 1029 doctrinae

137 1075 386 1155 severitatem,
418 1073 618 1143 dialecticae
652 1092 801 1162 quoque
831 1073 1046 1143 subtilitatis
1083 1072 1244 1144 novitate

137 1191 278 1275 allexit;
298 1190 340 1286 Q.
363 1190 457 1267 Mur.
478 1190 669 1259 Scoevolum
688 1187 849 1270 scilicet,
866 1188 962 1277 juris
981 1188 1098 1258 civilis
1116 1188 1246 1261 condi-

137 1316 274 1387 torem,
298 1305 602 1393 argutiarumque
629 1303 836 1383 studiosum
863 1303 1073 1386 lrominem;
1101 1306 1143 1378 Ι).
1166 1305 1244 1376 lint.

138 1418 287 1509 Rufum,
304 1421 355 1492 Μ.
373 1420 409 1490 V
412 1420 589 1511 ipellt'um,
602 1420 702 1489 Sept.
721 1419 998 1506 Pompeium,A.
1014 1419 1052 1490 V
1054 1420 1244 1506 aptatum,

138 1535 358 1624 Baldosduo,
381 1545 606 1624 caeterosque
631 1535 780 1603 multos.
808 1533 876 1603 Sed
894 1544 1027 1622 praeter
1044 1544 1099 1604 tot
1116 1534 1246 1607 claris·

140 1651 250 1719 simos
281 1651 490 1731 auditores,
518 1669 604 1731 eum
634 1668 720 1718 cum
751 1649 798 1718 P.
828 1649 1015 1737 Scipione,
1044 1650 1245 1737 Latioque,
1351 1718 1354 1722 ,

140 1784 342 1854 eorumque
369 1765 608 1854 propinquis,
639 1765 682 1833 C.
708 1765 872 1845 Fannio,
901 1762 945 1856 Q.
977 1764 1074 1837 AElt'u
1103 1765 1252 1834 Tubero-

140 1898 202 1960 nc,
228 1888 314 1962 ete,
343 1880 381 1948 in
413 1899 557 1948 summa
587 1877 835 1951 familiaritate
865 1878 995 1948 vixisse
1025 1879 1247 1967 accepimus.

140 1992 240 2078 Quos
276 2004 399 2064 autem
429 1995 526 2063 viros
543 2047 552 2078 ,
572 2014 659 2064 cum
689 1993 873 2063 bonarum
892 1994 1029 2067 artium
1049 1994 1251 2074 studiosos,

141 2120 223 2177 tum
239 2110 388 2196 ingenio
403 2110 714 2197 elegantissimos,
737 2107 836 2176 baud
856 2108 927 2185 sibi
942 2117 1064 2177 tamen
1083 2109 1173 2178 adeo
1188 2109 1267 2176 Pa-·

142 2223 274 2291 naetius
294 2223 545 2304 conciliasset,
561 2223 632 2291 nisi
651 2222 812 2311 priorem
831 2221 988 2289 Zenonis
1010 2220 1253 2310 Cleantbique

140 2336 368 2421 doctrinam,
400 2359 420 2410 a
450 2356 595 2407 meraca
624 2356 754 2408 eorum
783 2337 997 2410 austeritate
1035 2336 1251 2420 remissam,

142 2461 179 2521 et
197 2454 301 2542 quasi
321 2454 481 2523 Platonis
499 2453 677 2524 suavitate
696 2460 958 2540 temperatam,
977 2453 1022 2524 ad
1040 2453 1254 2522 humanita-

142 2576 241 2654 tem,
272 2580 577 2668 upeuezadzapooque
608 2568 857 2640 Romanorum
887 2569 1080 2656 ingenium
1106 2589 1255 2637 accom-

143 2683 340 2752 modasset.
359 2683 464 2768 Quod
478 2684 555 2771 ipse
569 2681 697 2753 Cicero
713 2693 883 2765 testatur,
901 2686 944 2756 de
956 2684 1098 2772 finibus,
1116 2682 1175 2763 lV,
1192 2684 1253 2753 28.

152 2797 410 2879 «Stoicorum,
437 2799 580 2888 inquit,
607 2799 797 2868 tristitiam
815 2808 925 2887 atque
944 2798 1178 2886 asperitatem
1198 2800 1257 2868 fn-

141 2942 154 2972 »
174 2912 279 2998 giens
302 2913 505 2995 Panaetius,
524 2930 592 2981 nec
611 2913 849 2982 acerbitatem
873 2913 1165 2994 sententiarum,
1189 2933 1258 2982 nec

143 3025 380 3094 »disserendi
403 3027 527 3115 spinas
549 3029 739 3117 probavit:
761 3028 902 3115 fuitque
920 3028 959 3095 in
984 3028 1099 3097 altero
1125 3045 1258 3114 genere

146 3168 160 3198 »
177 3139 316 3220 mitior,
333 3140 372 3207 in
391 3142 506 3210 altero
525 3143 717 3223 illustrior,
745 3159 963 3229 semperque
982 3140 1112 3216 babuit
1139 3143 1177 3213 in
1196 3162 1261 3213 ore

147 3282 161 3312 »
180 3251 383 3332 Platonem,
400 3254 650 3334 Aristotelem,
666 3256 928 3336 Xenocratem,
943 3255 1259 3346 Theophrastum,

146 3367 451 3452 »Dicaearchun1,
479 3380 520 3439 ut
546 3372 661 3459 ipsius
688 3371 824 3458 scripta
842 3369 1069 3446 declarant.»
1093 3372 1134 3444 lu
1154 3371 1259 3440 libris

143 3482 282 3570 igitur,
304 3502 396 3571 quos
411 3485 557 3573 scripsit
574 3494 635 3586 περὶ
662 3494 861 3568 καθήκοντος,
877 3505 963 3554 cnm
984 3485 1063 3574 ipse
1082 3506 1148 3558 suo
1160 3486 1265 3576 judi-

145 3596 226 3678 cio,
245 3606 324 3665 tum
352 3598 533 3687 Scipionis
551 3620 680 3684 eausa,
704 3601 921 3676 ferociorem
940 3621 1022 3669 eam
1036 3601 1130 3669 Stoae
1149 3601 1262 3672 disci-

143 3710 288 3800 plinam
309 3765 318 3793 ,
341 3714 461 3801 justos
493 3716 591 3786 intra
618 3715 798 3802 terminos
829 3717 1018 3797 coercuit,
1048 3724 1085 3783 et
1117 3716 1261 3784 medio-

143 3843 250 3893 crem
278 3828 565 3928 popularemque
588 3829 788 3929 quamdam
816 3830 909 3897 bene
934 3828 1079 3902 vivendi
1097 3828 1260 3900 institnit

143 3939 343 4008 rationem.

197 4052 373 4123 Naturam
405 4058 556 4145 quidem
588 4058 833 4146 sequendam,
864 4077 1019 4145 eamque
1051 4075 1261 4145 supremam

143 4167 297 4237 vivendi
323 4169 442 4256 legem
462 4192 559 4255 esse,
581 4193 667 4242 cum
687 4171 831 4242 caeteris
851 4172 999 4254 Stoicis,
1023 4171 1267 4260 profitebatur
