2984 4750
705 220 895 296 ...Λὸ-

247 400 484 480 mentemque
515 398 635 459 versat
670 405 735 477 per
765 389 919 470 omnia,
952 407 994 456 ac
1025 389 1120 457 mira
1153 390 1358 462 subtilitate

248 525 379 576 vacuas
404 503 575 593 inprimis
596 504 684 574 istas
709 503 948 590 aegritudines
975 510 1013 572 et
1033 503 1196 587 fastidia,
1218 505 1357 595 quibus

246 621 415 692 homines
437 619 682 704 tabescerent,
705 618 912 690 describit:
935 617 998 688 sed
1032 616 1119 688 eum
1145 620 1356 691 animorum

244 737 460 824 languorem
474 734 601 805 Cicero
616 734 739 804 ridere
756 752 824 804 nec
840 732 975 822 potuit,
994 752 1062 802 nec
1076 734 1202 804 voluit.

672 1185 676 1192 ’
766 1188 839 1258 v1.

248 1404 288 1454 De
301 1402 542 1456 Patrae-naute
554 1403 686 1454 utilitatem
703 1417 747 1466 pro
764 1417 880 1467 supremo
896 1405 960 1456 bono
978 1409 1092 1469 proponit
1108 1407 1205 1468 Cicero,
1220 1409 1284 1460 unde
1301 1420 1353 1461 ca·

276 1491 328 1535 tera
339 1484 417 1535 officia
428 1486 484 1534 vitae
499 1489 564 1534 certo
575 1486 690 1548 κριτηρίῳ
701 1484 961 1547 ordinemne-Quae
973 1499 1003 1535 ex
1012 1500 1042 1536 ea
1051 1490 1137 1549 patria
1148 1488 1265 1549 religione
1271 1489 1357 1539 Rome

276 1569 408 1613 consecuta
415 1565 475 1624 siut,
491 1577 570 1626 quum
581 1565 668 1613 civitas
679 1567 760 1612 totum
772 1563 858 1613 orbem
869 1569 992 1614 terrarum
1003 1565 1214 1628 complecteretur.

886 1736 940 1779 Urbi
952 1743 1016 1792 pater
1026 1742 1073 1789 est,
1086 1736 1185 1793 urbique
1197 1736 1301 1780 maritus.

1033 1822 1035 1825 ·
1122 1807 1224 1858 Plora,
1237 1806 1266 1850 ll.

295 1995 515 2086 Quanquam
548 1995 764 2067 Ciceronem
789 1998 827 2066 in
858 2017 922 2067 sua
947 1998 1093 2067 virtutis
1126 1995 1360 2066 institutione

245 2132 366 2203 neque
378 2113 472 2183 Deos
488 2113 734 2196 immortales,
752 2132 872 2203 neque
890 2132 993 2201 spem
1011 2112 1162 2182 alterius
1177 2111 1259 2181 vitae
1277 2129 1357 2180 res-

245 2228 385 2317 pexisse
402 2229 574 2312 diximus,
590 2247 665 2299 non
679 2229 740 2298 hic
754 2228 970 2316 religionem
982 2237 1106 2297 tamen
1125 2225 1278 2297 omnino
1295 2226 1357 2296 de-

243 2344 373 2427 fuisse,
420 2364 502 2436 quae
536 2363 665 2415 omnes
695 2344 842 2415 virtutis
874 2354 995 2434 partes
1033 2343 1354 2433 complecteretur,

242 2458 444 2558 existimari
462 2460 583 2531 velim.
611 2459 780 2550 Undique
806 2459 907 2530 enim
925 2460 1024 2530 inter
1040 2468 1095 2529 tot
1113 2459 1256 2529 diversa
1272 2459 1357 2528 vitae
1412 2455 1416 2463 ’

243 2574 382 2659 officia,
405 2576 564 2659 eminet,
593 2584 635 2645 ut
652 2575 705 2645 ita
725 2575 866 2660 dicam,
897 2576 1028 2662 ingens
1054 2574 1180 2664 patriae
1205 2574 1353 2662 imago,

241 2702 326 2780 quae
341 2690 515 2761 Romanis
527 2700 608 2760 tum
621 2710 687 2780 pro
696 2690 839 2761 caeteris
851 2690 1024 2760 omnibus
1034 2688 1111 2759 Diis
1125 2688 1353 2770 habebatur;

242 2805 335 2875 illud
367 2803 472 2894 quasi
504 2805 617 2874 totius
649 2804 854 2895 discipliuae
886 2823 961 2875 suae
993 2803 1178 2891 fastigium
1213 2804 1357 2873 extollit

242 2920 386 3003 Noster,
402 2939 476 3010 quo
488 2928 621 2990 caetera
633 2930 813 3011 spectent,
829 2919 1358 3008 referanturqueQuandoque

242 3034 362 3106 officia
379 3035 475 3105 inter
486 3053 544 3119 se,
560 3044 602 3104 ut
617 3054 712 3125 saepe
725 3035 786 3118 lit,
807 3034 979 3105 videntur
996 3053 1223 3125 repugnare,
1238 3033 1357 3104 conti-

242 3171 317 3221 nuo
327 3171 564 3223 communem
574 3169 656 3221 eam
675 3151 804 3240 patriae
820 3151 1019 3221 utilitatem
1036 3170 1079 3221 ac
1092 3150 1261 3238 gloriam,
1277 3158 1355 3219 tan-

240 3285 355 3356 quam
373 3284 589 3355 supremum
618 3265 844 3337 discriminis
874 3278 1016 3361 κριτήριον
1041 3266 1226 3347 admovet,
1257 3263 1356 3335 unde

243 3379 390 3469 planius
398 3377 535 3465 singuli
551 3377 648 3448 cives
663 3380 752 3469 quid
766 3381 962 3469 agendum,
979 3380 1070 3470 quid
1082 3380 1273 3450 vitandum
1290 3377 1351 3461 sit,

241 3496 466 3565 discernant.

291 3608 371 3678 Non
391 3617 446 3678 sat
463 3609 660 3681 eratenim
680 3628 754 3679 uno
772 3610 883 3680 verbo
900 3629 987 3680 cum
1007 3608 1201 3679 Socraticis
1221 3607 1354 3676 dixisse

243 3722 423 3815 quidquid
441 3723 638 3794 honestum
656 3734 753 3795 esset
776 3744 863 3795 cum
882 3743 965 3794 vera
988 3724 1147 3794 utilitate
1164 3742 1244 3793 esse
1264 3741 1356 3792 cou-

238 3840 433 3928 junctum3
453 3837 682 3908 honestatem
708 3839 822 3927 igitur
839 3856 985 3928 semper
1002 3859 1081 3910 esse
1100 3836 1352 3929 sequendam:

241 3953 328 4024 etsi
358 3954 506 4044 quando
530 3954 699 4043 quaedam
715 3964 954 4024 occurrerent
973 3956 1094 4044 specie
1123 3952 1275 4044 quidem
1289 3950 1356 4021 ho-

242 4077 364 4151 nesta,
397 4069 495 4139 inter
520 4088 559 4139 se
582 4080 705 4139 tamen
730 4071 996 4159 repugnantia,
1018 4080 1099 4141 tum
1119 4069 1156 4139 id
1173 4067 1272 4160 quod
1290 4066 1356 4135 ho·

243 4190 390 4265 nestum
412 4184 609 4266 videretur,
627 4184 917 4272 praeterendum
937 4185 1049 4274 idque
1066 4186 1155 4254 item
1172 4191 1209 4254 et
1227 4180 1356 4252 utilius
