2984 4750
600 245 794 322 ..45-

145 425 241 488 tator
257 414 395 503 attigit,
417 413 578 483 exomni
599 421 701 502 parte
726 414 929 497 fatisceret,
950 434 992 484 ac
1007 416 1247 490 dilaberetur.

194 532 237 602 ln
262 530 333 602 boc
352 528 521 619 pluribus
544 528 666 599 verbis
686 546 973 613 commoramur,
1000 539 1041 600 ut
1065 530 1152 601 inde
1174 533 1253 623 pla-

145 647 230 717 nius
253 645 491 733 intelligatur,
520 664 587 715 cur
605 643 746 727 Cicero,
765 644 805 714 in
828 644 898 715 hoc
922 646 967 715 de
993 666 1067 735 quo
1087 647 1254 738 disputa-

144 781 228 832 mus
241 779 365 850 opere,
383 779 575 830 romanam
591 778 674 829 eam
691 759 908 830 Officiorum
924 760 1195 833 institutionem
1208 765 1254 833 ad

144 879 332 948 theatrum
346 875 437 946 adeo
452 875 679 945 instruxerit.
697 874 767 946 Sed
789 885 873 946 utut
889 876 967 948 baec
989 886 1088 961 sunt,
1105 897 1180 948 non
1198 888 1256 949 ta-

144 1011 231 1062 men
242 976 490 1061 inficiabimur
503 1009 590 1059 eum
603 990 701 1059 haud
715 990 803 1059 satis
814 990 1002 1061 interdum
1017 990 1192 1064 virtutem
1207 993 1254 1062 ab

145 1108 234 1190 hoc,
255 1106 354 1197 quod
368 1115 514 1175 tantum
525 1105 671 1175 virtutis
683 1105 843 1194 speciem
858 1105 1010 1189 babeat,
1028 1107 1251 1192 distinxisse,

146 1224 328 1312 pauloque
357 1219 528 1290 subtilius
552 1232 647 1310 saepe
682 1220 913 1310 disputasse,
947 1220 1084 1310 quibus
1112 1223 1254 1293 artibus

145 1337 388 1408 reverentiam
407 1334 477 1406 sibi
501 1335 585 1425 quis
609 1354 737 1425 parere
754 1335 887 1424 possit,
911 1335 1015 1424 quasi
1043 1347 1164 1425 partes
1182 1338 1256 1407 vir—

146 1453 236 1523 tutis
267 1460 399 1522 essent.
429 1450 752 1538 Quemadmodum
779 1450 879 1519 enim
906 1450 1052 1522 dicendi
1088 1453 1255 1541 magistri

146 1587 218 1638 non
240 1567 327 1638 locos
349 1567 457 1637 modo
478 1565 687 1655 discipulis,
708 1566 921 1655 variamque
940 1566 1170 1638 schematum
1191 1588 1254 1639 co·

146 1683 264 1770 piam,
288 1681 424 1771 quibus
447 1681 653 1755 orationem
678 1681 922 1762 adornarent,
947 1681 1253 1773 suppeditabant,

146 1797 210 1867 sed
224 1807 346 1886 gestus
355 1797 480 1879 etiam,
493 1805 690 1886 motusque
703 1795 873 1878 dicentis
882 1804 1076 1886 totumque
1090 1799 1256 1887 corporis

146 1912 314 1982 habitum
326 1911 596 2002 componebant
616 1912 662 1980 ad
683 1912 871 1992 decorem;
886 1913 938 1981 sic
956 1922 994 1982 et
1007 1912 1151 1982 vivendi
1166 1933 1256 2003 pra·

143 2037 309 2117 captores
316 2029 432 2097 multa
441 2028 488 2098 de
500 2026 727 2097 formositate
740 2027 918 2116 corporiS,
927 2028 1056 2097 ordine
1068 2039 1252 2115 motuum,

142 2153 349 2233 ornatuque
375 2144 420 2212 ad
446 2143 630 2212 actionem
660 2150 745 2232 apto
774 2141 1013 2212 disserebant.
1045 2143 1177 2214 «Talis
1200 2157 1256 2216 est

146 2287 159 2319 »
180 2259 270 2328 ordo
286 2259 474 2329 actionum
491 2255 869 2346 adhibendus,inquit
887 2255 1029 2339 Cicero,
1048 2266 1102 2342 ut,
1123 2280 1255 2349 quem·
1302 2330 1304 2332 ,

146 2373 379 2447 »admodum
403 2373 441 2443 in
467 2373 633 2444 oratione
659 2371 866 2456 constanti,
892 2375 944 2443 sic
970 2373 1010 2444 in
1039 2375 1113 2446 vita
1130 2376 1254 2446 omnia

146 2522 159 2552 l
180 2490 256 2560 sint
278 2499 361 2580 apta
380 2490 482 2559 inter
502 2509 541 2559 se
556 2497 594 2559 et
617 2487 873 2559 convenientia
892 2486 905 2584 (
912 2488 942 2572 l,
960 2488 1035 2585 35).
1051 2521 1062 2552 s
1092 2491 1254 2562 Probum

144 2604 258 2692 igitur
269 2622 379 2676 suum
395 2605 529 2688 virum,
546 2614 724 2695 tanquam
740 2613 926 2680 oratorem
943 2616 1007 2674 aut
1021 2605 1252 2690 histrionem,

144 2720 190 2790 ad
204 2720 393 2807 dignitatis
405 2719 589 2809 imprimis
603 2719 920 2791 conservationem
933 2719 1100 2803 addocet,
1111 2722 1254 2811 nequid

144 2836 183 2904 iu
210 2855 318 2906 scena
342 2835 576 2919 elloeminate,
595 2854 642 2904 ne
664 2834 755 2925 quid
769 2834 899 2907 durius
915 2844 1011 2924 agat,
1036 2856 1083 2906 ne
1100 2836 1255 2909 tardita-

143 2951 243 3022 tibus
267 2951 306 3019 in
335 2970 460 3039 gressu
484 2949 717 3022 mollioribus
743 2960 882 3035 utatur,
908 2972 955 3022 ne
980 2971 1109 3022 rursus
1139 2953 1254 3023 nimia

142 3066 330 3137 celeritate
337 3065 522 3136 anhelitus
536 3073 691 3147 moveat,
699 3065 917 3155 vultumque
926 3074 1097 3156 torqueat
1109 3065 1155 3160 (Ι,
1166 3065 1229 3162 36)
1242 3088 1250 3136 :

143 3180 249 3265 Nam,
265 3189 307 3251 ut
318 3180 371 3250 ait
383 3180 554 3263 Plautus,
659 3266 663 3272 ⁴
1145 3172 1148 3178 ’

268 3405 367 3455 Liberos
382 3404 496 3454 homines
511 3416 555 3465 per
566 3402 652 3452 urbem
665 3401 763 3452 modico
774 3403 852 3464 magu
868 3406 905 3451 est
916 3414 960 3465 par
973 3403 1051 3464 gradu

266 3488 322 3549 lre;
338 3488 427 3539 servile
442 3500 495 3539 esse
509 3487 582 3545 duco,
600 3485 735 3536 ieetlnatlm
745 3498 844 3537 currere
854 3482 900 3550 (1).

192 3674 271 3745 Imo
300 3673 617 3765 pulchritudinem
646 3682 949 3763 venustatemque
979 3672 1077 3744 inter
1107 3672 1253 3745 virtutis

139 3798 281 3879 partes,
306 3790 351 3861 de
373 3789 476 3861 more
504 3788 718 3860 Graecorum
743 3786 815 3885 (2),
845 3786 992 3877 reponit
1014 3786 1165 3859 Cicero:
1186 3787 1252 3877 qui

139 3903 312 3994 quidem,
334 3924 421 3976 cum
450 3913 566 3975 totam
589 3904 701 3973 vitam
726 3903 766 3973 in
793 3921 902 3990 agera
920 3900 1135 3990 exigebant,
1154 3919 1253 3972 sem-

138 4038 280 4109 perque
297 4020 337 4091 in
358 4040 396 4092 se
410 4038 604 4091 conversos
621 4018 792 4089 omnium
813 4017 941 4087 oculos
957 4013 1142 4100 videbant,
1162 4015 1253 4106 quid

171 4242 293 4308 (ljl'aenq
310 4243 352 4303 lli,
367 4248 388 4294 l.
401 4239 682 4308 -(2)1Ιαλὸςκᾷγαθὸς.
