<?xml version="1.0" encoding="UTF-8"?>
<!DOCTYPE html PUBLIC "-//W3C//DTD XHTML 1.0 Transitional//EN"
    "http://www.w3.org/TR/xhtml1/DTD/xhtml1-transitional.dtd">
<html xmlns="http://www.w3.org/1999/xhtml" xml:lang="en" lang="en">
 <head>
  <title>
</title>
<meta http-equiv="Content-Type" content="text/html;charset=utf-8" />
  <meta name='ocr-system' content='tesseract 3.04.00' />
  <meta name='ocr-capabilities' content='ocr_page ocr_carea ocr_par ocr_line ocrx_word'/>
</head>
<body>
  <div class='ocr_page' id='page_1' title='image "./historicademtci00benogoog_0031.png"; bbox 0 0 2984 4750; ppageno 0'>
   <div class='ocr_carea' id='block_1_1' title="bbox 587 316 781 384">
    <p class='ocr_par' dir='ltr' id='par_1_1' title="bbox 587 316 781 384">
     <span class='ocr_line' id='line_1_1' title="bbox 587 316 781 384; baseline 0 -17"><span class='ocrx_word' id='word_1_1' title='bbox 587 316 781 384; x_wconf 70' lang='lat'>..11-</span> 
     </span>
    </p>
   </div>
   <div class='ocr_carea' id='block_1_2' title="bbox 133 478 1252 1948">
    <p class='ocr_par' dir='ltr' id='par_1_2' title="bbox 133 478 1251 1699">
     <span class='ocr_line' id='line_1_2' title="bbox 133 478 1246 572; baseline -0.001 -21"><span class='ocrx_word' id='word_1_2' title='bbox 133 478 337 572; x_wconf 71' lang='lat' dir='ltr'>prasertim</span> <span class='ocrx_word' id='word_1_3' title='bbox 349 489 431 570; x_wconf 91' lang='lat' dir='ltr'>post</span> <span class='ocrx_word' id='word_1_4' title='bbox 447 482 571 551; x_wconf 86' lang='lat' dir='ltr'>clviles</span> <span class='ocrx_word' id='word_1_5' title='bbox 588 482 785 570; x_wconf 87' lang='lat' dir='ltr'>procellas,</span> <span class='ocrx_word' id='word_1_6' title='bbox 808 482 950 564; x_wconf 82' lang='lat' dir='ltr'>allexit,</span> <span class='ocrx_word' id='word_1_7' title='bbox 971 501 1082 571; x_wconf 91' lang='lat' dir='ltr'>quam</span> <span class='ocrx_word' id='word_1_8' title='bbox 1099 481 1246 551; x_wconf 89' lang='lat' dir='ltr'>mollior</span> 
     </span>
     <span class='ocr_line' id='line_1_3' title="bbox 133 592 1243 685; baseline -0.001 -20"><span class='ocrx_word' id='word_1_9' title='bbox 133 616 176 665; x_wconf 91' lang='lat' dir='ltr'>ea</span> <span class='ocrx_word' id='word_1_10' title='bbox 198 616 280 685; x_wconf 84' lang='lat' dir='ltr'>quae</span> <span class='ocrx_word' id='word_1_11' title='bbox 303 596 449 685; x_wconf 85' lang='lat' dir='ltr'>Epicuri</span> <span class='ocrx_word' id='word_1_12' title='bbox 474 598 693 667; x_wconf 87' lang='lat' dir='ltr'>anctoritate</span> <span class='ocrx_word' id='word_1_13' title='bbox 717 598 825 683; x_wconf 86' lang='lat' dir='ltr'>vulgo</span> <span class='ocrx_word' id='word_1_14' title='bbox 850 596 1114 668; x_wconf 81' lang='lat' dir='ltr'>defendebatur</span> <span class='ocrx_word' id='word_1_15' title='bbox 1135 592 1243 666; x_wconf 84' lang='lat' dir='ltr'>disci-</span> 
     </span>
     <span class='ocr_line' id='line_1_4' title="bbox 135 694 1244 801; baseline 0.002 -23"><span class='ocrx_word' id='word_1_16' title='bbox 135 710 246 797; x_wconf 92' lang='lat' dir='ltr'>plina.</span> <span class='ocrx_word' id='word_1_17' title='bbox 269 710 385 792; x_wconf 91' lang='lat' dir='ltr'>Nam,</span> <span class='ocrx_word' id='word_1_18' title='bbox 406 694 764 801; x_wconf 88' lang='lat' dir='ltr'>praeterquamquod</span> <span class='ocrx_word' id='word_1_19' title='bbox 782 712 933 800; x_wconf 90' lang='lat' dir='ltr'>cognitu</span> <span class='ocrx_word' id='word_1_20' title='bbox 951 711 1133 800; x_wconf 79' lang='lat' dir='ltr'>perfacilis</span> <span class='ocrx_word' id='word_1_21' title='bbox 1147 720 1244 793; x_wconf 89' lang='lat' dir='ltr'>erat,</span> 
     </span>
     <span class='ocr_line' id='line_1_5' title="bbox 135 824 1249 916; baseline 0 -22"><span class='ocrx_word' id='word_1_22' title='bbox 135 824 341 894; x_wconf 89' lang='lat' dir='ltr'>socordiam</span> <span class='ocrx_word' id='word_1_23' title='bbox 359 825 515 895; x_wconf 88' lang='lat' dir='ltr'>honesto</span> <span class='ocrx_word' id='word_1_24' title='bbox 532 826 682 896; x_wconf 90' lang='lat' dir='ltr'>nomine</span> <span class='ocrx_word' id='word_1_25' title='bbox 701 835 739 895; x_wconf 91' lang='lat' dir='ltr'>et</span> <span class='ocrx_word' id='word_1_26' title='bbox 756 827 917 916; x_wconf 90' lang='lat' dir='ltr'>quadam</span> <span class='ocrx_word' id='word_1_27' title='bbox 934 826 1112 914; x_wconf 78' lang='lat' dir='ltr'>dignitate</span> <span class='ocrx_word' id='word_1_28' title='bbox 1133 824 1249 895; x_wconf 83' lang='lat' dir='ltr'>servi-</span> 
     </span>
     <span class='ocr_line' id='line_1_6' title="bbox 136 939 1249 1032; baseline 0.004 -25"><span class='ocrx_word' id='word_1_29' title='bbox 136 949 254 1010; x_wconf 88' lang='lat' dir='ltr'>tutem</span> <span class='ocrx_word' id='word_1_30' title='bbox 271 939 565 1012; x_wconf 74' lang='lat' dir='ltr'>commendabat,</span> <span class='ocrx_word' id='word_1_31' title='bbox 581 940 678 1026; x_wconf 85' lang='lat' dir='ltr'>Quid</span> <span class='ocrx_word' id='word_1_32' title='bbox 695 951 819 1012; x_wconf 80' lang='lat' dir='ltr'>autern</span> <span class='ocrx_word' id='word_1_33' title='bbox 840 942 905 1024; x_wconf 91' lang='lat' dir='ltr'>iis,</span> <span class='ocrx_word' id='word_1_34' title='bbox 926 942 990 1032; x_wconf 90' lang='lat' dir='ltr'>qui</span> <span class='ocrx_word' id='word_1_35' title='bbox 1004 943 1081 1031; x_wconf 90' lang='lat' dir='ltr'>jam</span> <span class='ocrx_word' id='word_1_36' title='bbox 1100 962 1121 1010; x_wconf 92' lang='lat' dir='ltr'>a</span> <span class='ocrx_word' id='word_1_37' title='bbox 1137 942 1249 1012; x_wconf 89' lang='lat' dir='ltr'>rebus</span> 
     </span>
     <span class='ocr_line' id='line_1_7' title="bbox 136 1053 1246 1144; baseline 0.003 -23"><span class='ocrx_word' id='word_1_38' title='bbox 136 1053 293 1140; x_wconf 90' lang='lat' dir='ltr'>publicis</span> <span class='ocrx_word' id='word_1_39' title='bbox 328 1053 629 1137; x_wconf 85' lang='lat' dir='ltr'>excludebantur,</span> <span class='ocrx_word' id='word_1_40' title='bbox 675 1055 921 1144; x_wconf 91' lang='lat' dir='ltr'>opportunius</span> <span class='ocrx_word' id='word_1_41' title='bbox 954 1054 1069 1124; x_wconf 88' lang='lat' dir='ltr'>videri</span> <span class='ocrx_word' id='word_1_42' title='bbox 1105 1055 1246 1143; x_wconf 88' lang='lat' dir='ltr'>potuit,</span> 
     </span>
     <span class='ocr_line' id='line_1_8' title="bbox 137 1167 1249 1265; baseline 0 -28"><span class='ocrx_word' id='word_1_43' title='bbox 137 1187 250 1257; x_wconf 91' lang='lat' dir='ltr'>quam</span> <span class='ocrx_word' id='word_1_44' title='bbox 284 1167 375 1238; x_wconf 92' lang='lat' dir='ltr'>illud</span> <span class='ocrx_word' id='word_1_45' title='bbox 405 1169 573 1258; x_wconf 81' lang='lat' dir='ltr'>Epicurl,</span> <span class='ocrx_word' id='word_1_46' title='bbox 601 1178 651 1242; x_wconf 77' lang='grc' dir='ltr'>τὸν</span> <span class='ocrx_word' id='word_1_47' title='bbox 668 1178 757 1265; x_wconf 70' lang='grc' dir='ltr'>σοφόν</span> <span class='ocrx_word' id='word_1_48' title='bbox 782 1184 815 1242; x_wconf 80' lang='grc' dir='ltr'>οῦ</span> <span class='ocrx_word' id='word_1_49' title='bbox 840 1175 1062 1245; x_wconf 64' lang='grc' dir='ltr'>πολιτεύεσθαιῗ</span> <span class='ocrx_word' id='word_1_50' title='bbox 1092 1170 1249 1239; x_wconf 88' lang='lat' dir='ltr'>Facilius</span> 
     </span>
     <span class='ocr_line' id='line_1_9' title="bbox 137 1284 1247 1375; baseline 0.001 -23"><span class='ocrx_word' id='word_1_51' title='bbox 137 1284 245 1367; x_wconf 85' lang='lat' dir='ltr'>lrlnc,</span> <span class='ocrx_word' id='word_1_52' title='bbox 266 1285 454 1373; x_wconf 88' lang='lat' dir='ltr'>sapientiae</span> <span class='ocrx_word' id='word_1_53' title='bbox 474 1286 594 1374; x_wconf 86' lang='lat' dir='ltr'>specie</span> <span class='ocrx_word' id='word_1_54' title='bbox 614 1285 1001 1375; x_wconf 88' lang='lat' dir='ltr'>decepti,ademptam</span> <span class='ocrx_word' id='word_1_55' title='bbox 1020 1285 1247 1366; x_wconf 88' lang='lat' dir='ltr'>libertatem,</span> 
     </span>
     <span class='ocr_line' id='line_1_10' title="bbox 137 1398 1251 1491; baseline 0 -24"><span class='ocrx_word' id='word_1_56' title='bbox 137 1399 243 1491; x_wconf 86' lang='lat' dir='ltr'>quasi</span> <span class='ocrx_word' id='word_1_57' title='bbox 268 1399 363 1468; x_wconf 89' lang='lat' dir='ltr'>infra</span> <span class='ocrx_word' id='word_1_58' title='bbox 383 1400 586 1489; x_wconf 90' lang='lat' dir='ltr'>jacentem,</span> <span class='ocrx_word' id='word_1_59' title='bbox 622 1401 927 1490; x_wconf 86' lang='lat' dir='ltr'>aspernabantur,</span> <span class='ocrx_word' id='word_1_60' title='bbox 960 1420 1073 1490; x_wconf 90' lang='lat' dir='ltr'>seque</span> <span class='ocrx_word' id='word_1_61' title='bbox 1105 1400 1194 1483; x_wconf 91' lang='lat' dir='ltr'>diis,</span> <span class='ocrx_word' id='word_1_62' title='bbox 1219 1398 1251 1468; x_wconf 91' lang='lat' dir='ltr'>si</span> 
     </span>
     <span class='ocr_line' id='line_1_11' title="bbox 138 1514 1250 1604; baseline 0.001 -22"><span class='ocrx_word' id='word_1_63' title='bbox 138 1514 278 1583; x_wconf 90' lang='lat' dir='ltr'>nullam</span> <span class='ocrx_word' id='word_1_64' title='bbox 299 1515 508 1585; x_wconf 84' lang='lat' dir='ltr'>communis</span> <span class='ocrx_word' id='word_1_65' title='bbox 528 1516 656 1585; x_wconf 87' lang='lat' dir='ltr'>salutis</span> <span class='ocrx_word' id='word_1_66' title='bbox 677 1535 805 1584; x_wconf 89' lang='lat' dir='ltr'>curam</span> <span class='ocrx_word' id='word_1_67' title='bbox 833 1526 1019 1604; x_wconf 87' lang='lat' dir='ltr'>gererent,</span> <span class='ocrx_word' id='word_1_68' title='bbox 1054 1515 1250 1585; x_wconf 87' lang='lat' dir='ltr'>similiores</span> 
     </span>
     <span class='ocr_line' id='line_1_12' title="bbox 139 1629 866 1699; baseline 0.007 -3"><span class='ocrx_word' id='word_1_69' title='bbox 139 1629 220 1697; x_wconf 80' lang='lat' dir='ltr'>fleri</span> <span class='ocrx_word' id='word_1_70' title='bbox 232 1629 498 1699; x_wconf 79' lang='lat' dir='ltr'>existimabant.</span> <span class='ocrx_word' id='word_1_71' title='bbox 862 1637 866 1644; x_wconf 84' lang='lat'>&#39;</span> 
     </span>
    </p>

    <p class='ocr_par' dir='ltr' id='par_1_3' title="bbox 139 1742 1252 1948">
     <span class='ocr_line' id='line_1_13' title="bbox 189 1742 1251 1834; baseline 0.002 -24"><span class='ocrx_word' id='word_1_72' title='bbox 189 1742 380 1812; x_wconf 84' lang='lat' dir='ltr'>Infinitum</span> <span class='ocrx_word' id='word_1_73' title='bbox 406 1743 521 1830; x_wconf 91' lang='lat' dir='ltr'>igitur</span> <span class='ocrx_word' id='word_1_74' title='bbox 543 1753 638 1812; x_wconf 91' lang='lat' dir='ltr'>esset</span> <span class='ocrx_word' id='word_1_75' title='bbox 666 1744 705 1812; x_wconf 92' lang='lat' dir='ltr'>in</span> <span class='ocrx_word' id='word_1_76' title='bbox 728 1744 843 1832; x_wconf 91' lang='lat' dir='ltr'>ipsius</span> <span class='ocrx_word' id='word_1_77' title='bbox 869 1744 1056 1814; x_wconf 86' lang='lat' dir='ltr'>Ciceronis</span> <span class='ocrx_word' id='word_1_78' title='bbox 1077 1743 1251 1834; x_wconf 87' lang='lat' dir='ltr'>operibus</span> 
     </span>
     <span class='ocr_line' id='line_1_14' title="bbox 139 1857 1252 1948; baseline 0.003 -22"><span class='ocrx_word' id='word_1_79' title='bbox 139 1874 324 1947; x_wconf 69' lang='lat' dir='ltr'>quaerere,</span> <span class='ocrx_word' id='word_1_80' title='bbox 361 1868 451 1947; x_wconf 89' lang='lat' dir='ltr'>quot</span> <span class='ocrx_word' id='word_1_81' title='bbox 474 1857 616 1927; x_wconf 91' lang='lat' dir='ltr'>nobiles</span> <span class='ocrx_word' id='word_1_82' title='bbox 642 1859 710 1927; x_wconf 89' lang='lat' dir='ltr'>viri</span> <span class='ocrx_word' id='word_1_83' title='bbox 736 1860 995 1948; x_wconf 84' lang='lat' dir='ltr'>principesque</span> <span class='ocrx_word' id='word_1_84' title='bbox 1020 1859 1178 1929; x_wconf 89' lang='lat' dir='ltr'>civitatis</span> <span class='ocrx_word' id='word_1_85' title='bbox 1205 1859 1252 1929; x_wconf 92' lang='lat' dir='ltr'>ad</span> 
     </span>
    </p>
   </div>
   <div class='ocr_carea' id='block_1_3' title="bbox 136 2069 1266 4358">
    <p class='ocr_par' dir='ltr' id='par_1_4' title="bbox 136 2069 1262 3878">
     <span class='ocr_line' id='line_1_15' title="bbox 139 2069 1251 2180; baseline 0.003 -24"><span class='ocrx_word' id='word_1_86' title='bbox 139 2089 224 2157; x_wconf 91' lang='lat' dir='ltr'>dam</span> <span class='ocrx_word' id='word_1_87' title='bbox 241 2069 447 2178; x_wconf 78' lang='lat' dir='ltr'>Amafinius</span> <span class='ocrx_word' id='word_1_88' title='bbox 463 2090 617 2158; x_wconf 88' lang='lat' dir='ltr'>Romam</span> <span class='ocrx_word' id='word_1_89' title='bbox 635 2090 777 2178; x_wconf 92' lang='lat' dir='ltr'>primus</span> <span class='ocrx_word' id='word_1_90' title='bbox 795 2091 992 2171; x_wconf 88' lang='lat' dir='ltr'>intulerat,</span> <span class='ocrx_word' id='word_1_91' title='bbox 1018 2101 1195 2180; x_wconf 90' lang='lat' dir='ltr'>tanquam</span> <span class='ocrx_word' id='word_1_92' title='bbox 1212 2092 1251 2158; x_wconf 94' lang='lat' dir='ltr'>in</span> 
     </span>
     <span class='ocr_line' id='line_1_16' title="bbox 136 2203 1253 2291; baseline 0.002 -20"><span class='ocrx_word' id='word_1_93' title='bbox 136 2205 246 2291; x_wconf 84' lang='lat' dir='ltr'>justae</span> <span class='ocrx_word' id='word_1_94' title='bbox 260 2203 411 2289; x_wconf 89' lang='lat' dir='ltr'>ignaviae</span> <span class='ocrx_word' id='word_1_95' title='bbox 428 2221 638 2286; x_wconf 88' lang='lat' dir='ltr'>recessum,</span> <span class='ocrx_word' id='word_1_96' title='bbox 664 2204 907 2291; x_wconf 84' lang='lat' dir='ltr'>confugerint.</span> <span class='ocrx_word' id='word_1_97' title='bbox 943 2204 1110 2289; x_wconf 83' lang='lat' dir='ltr'>Quorum</span> <span class='ocrx_word' id='word_1_98' title='bbox 1128 2216 1253 2275; x_wconf 87' lang='lat' dir='ltr'>tamen</span> 
     </span>
     <span class='ocr_line' id='line_1_17' title="bbox 139 2318 1254 2410; baseline 0.006 -25"><span class='ocrx_word' id='word_1_99' title='bbox 139 2319 381 2399; x_wconf 87' lang='lat' dir='ltr'>innumero,</span> <span class='ocrx_word' id='word_1_100' title='bbox 414 2337 529 2387; x_wconf 89' lang='lat' dir='ltr'>unum</span> <span class='ocrx_word' id='word_1_101' title='bbox 558 2327 621 2388; x_wconf 89' lang='lat' dir='ltr'>ant</span> <span class='ocrx_word' id='word_1_102' title='bbox 655 2318 814 2389; x_wconf 87' lang='lat' dir='ltr'>alterum</span> <span class='ocrx_word' id='word_1_103' title='bbox 841 2320 1033 2390; x_wconf 88' lang='lat' dir='ltr'>nominare</span> <span class='ocrx_word' id='word_1_104' title='bbox 1061 2321 1172 2391; x_wconf 89' lang='lat' dir='ltr'>velim</span> <span class='ocrx_word' id='word_1_105' title='bbox 1190 2324 1254 2410; x_wconf 90' lang='lat' dir='ltr'>(ut</span> 
     </span>
     <span class='ocr_line' id='line_1_18' title="bbox 140 2433 1251 2529; baseline 0.004 -27"><span class='ocrx_word' id='word_1_106' title='bbox 140 2433 225 2503; x_wconf 89' lang='lat' dir='ltr'>inde</span> <span class='ocrx_word' id='word_1_107' title='bbox 240 2433 375 2502; x_wconf 90' lang='lat' dir='ltr'>clarius</span> <span class='ocrx_word' id='word_1_108' title='bbox 392 2434 624 2522; x_wconf 90' lang='lat' dir='ltr'>publicarum</span> <span class='ocrx_word' id='word_1_109' title='bbox 646 2434 826 2504; x_wconf 85' lang='lat' dir='ltr'>virtutum</span> <span class='ocrx_word' id='word_1_110' title='bbox 851 2435 1014 2506; x_wconf 89' lang='lat' dir='ltr'>defectus</span> <span class='ocrx_word' id='word_1_111' title='bbox 1037 2435 1251 2529; x_wconf 88' lang='lat' dir='ltr'>appareat),</span> 
     </span>
     <span class='ocr_line' id='line_1_19' title="bbox 141 2550 1256 2638; baseline -0.001 -18"><span class='ocrx_word' id='word_1_112' title='bbox 141 2551 283 2621; x_wconf 81' lang='lat' dir='ltr'>Catium</span> <span class='ocrx_word' id='word_1_113' title='bbox 301 2550 442 2618; x_wconf 90' lang='lat' dir='ltr'>scilicet</span> <span class='ocrx_word' id='word_1_114' title='bbox 456 2550 663 2631; x_wconf 69' lang='lat' dir='ltr'>Insubrum,</span> <span class='ocrx_word' id='word_1_115' title='bbox 693 2570 806 2638; x_wconf 90' lang='lat' dir='ltr'>quem</span> <span class='ocrx_word' id='word_1_116' title='bbox 823 2550 998 2620; x_wconf 90' lang='lat' dir='ltr'>Horatius</span> <span class='ocrx_word' id='word_1_117' title='bbox 1014 2553 1129 2621; x_wconf 88' lang='lat' dir='ltr'>facete</span> <span class='ocrx_word' id='word_1_118' title='bbox 1146 2551 1185 2620; x_wconf 94' lang='lat' dir='ltr'>in</span> <span class='ocrx_word' id='word_1_119' title='bbox 1201 2571 1256 2621; x_wconf 87' lang='lat' dir='ltr'>sa-</span> 
     </span>
     <span class='ocr_line' id='line_1_20' title="bbox 141 2664 1255 2753; baseline -0.001 -20"><span class='ocrx_word' id='word_1_120' title='bbox 141 2665 251 2733; x_wconf 89' lang='lat' dir='ltr'>tiram</span> <span class='ocrx_word' id='word_1_121' title='bbox 272 2665 415 2734; x_wconf 91' lang='lat' dir='ltr'>inducit</span> <span class='ocrx_word' id='word_1_122' title='bbox 432 2666 476 2733; x_wconf 92' lang='lat' dir='ltr'>de</span> <span class='ocrx_word' id='word_1_123' title='bbox 494 2673 573 2734; x_wconf 81' lang='lat' dir='ltr'>arte</span> <span class='ocrx_word' id='word_1_124' title='bbox 590 2664 808 2753; x_wconf 88' lang='lat' dir='ltr'>coquinaria</span> <span class='ocrx_word' id='word_1_125' title='bbox 823 2664 1086 2745; x_wconf 81' lang='lat' dir='ltr'>disserentem3</span> <span class='ocrx_word' id='word_1_126' title='bbox 1106 2665 1255 2752; x_wconf 81' lang='lat' dir='ltr'>Pompo-</span> 
     </span>
     <span class='ocr_line' id='line_1_21' title="bbox 141 2779 1255 2869; baseline -0.001 -21"><span class='ocrx_word' id='word_1_127' title='bbox 141 2780 314 2869; x_wconf 81' lang='lat' dir='ltr'>niumque</span> <span class='ocrx_word' id='word_1_128' title='bbox 332 2781 503 2861; x_wconf 79' lang='lat' dir='ltr'>Atticum,</span> <span class='ocrx_word' id='word_1_129' title='bbox 516 2779 637 2848; x_wconf 90' lang='lat' dir='ltr'>Nostri</span> <span class='ocrx_word' id='word_1_130' title='bbox 651 2780 883 2863; x_wconf 88' lang='lat' dir='ltr'>familiarem,</span> <span class='ocrx_word' id='word_1_131' title='bbox 898 2798 1042 2849; x_wconf 88' lang='lat' dir='ltr'>summa</span> <span class='ocrx_word' id='word_1_132' title='bbox 1058 2779 1255 2848; x_wconf 90' lang='lat' dir='ltr'>securitate</span> 
     </span>
     <span class='ocr_line' id='line_1_22' title="bbox 143 2893 1258 2983; baseline -0.001 -21"><span class='ocrx_word' id='word_1_133' title='bbox 143 2895 243 2963; x_wconf 85' lang='lat' dir='ltr'>inter</span> <span class='ocrx_word' id='word_1_134' title='bbox 257 2894 459 2967; x_wconf 87' lang='lat' dir='ltr'>discordias</span> <span class='ocrx_word' id='word_1_135' title='bbox 477 2896 751 2983; x_wconf 66' lang='lat' dir='ltr'>perfruentem</span> <span class='ocrx_word' id='word_1_136' title='bbox 768 2894 1015 2983; x_wconf 78' lang='lat' dir='ltr'>Cassiumque</span> <span class='ocrx_word' id='word_1_137' title='bbox 1028 2893 1150 2982; x_wconf 90' lang='lat' dir='ltr'>ipsum</span> <span class='ocrx_word' id='word_1_138' title='bbox 1169 2893 1258 2961; x_wconf 79' lang='lat' dir='ltr'>lon·</span> 
     </span>
     <span class='ocr_line' id='line_1_23' title="bbox 139 3005 1256 3098; baseline -0.004 -21"><span class='ocrx_word' id='word_1_139' title='bbox 139 3010 267 3098; x_wconf 75' lang='lat' dir='ltr'>pinum</span> <span class='ocrx_word' id='word_1_140' title='bbox 289 3010 328 3077; x_wconf 93' lang='lat' dir='ltr'>in</span> <span class='ocrx_word' id='word_1_141' title='bbox 355 3009 508 3079; x_wconf 85' lang='lat' dir='ltr'>Caesaris</span> <span class='ocrx_word' id='word_1_142' title='bbox 534 3010 633 3079; x_wconf 85' lang='lat' dir='ltr'>caede</span> <span class='ocrx_word' id='word_1_143' title='bbox 661 3009 775 3095; x_wconf 90' lang='lat' dir='ltr'>magis</span> <span class='ocrx_word' id='word_1_144' title='bbox 798 3008 861 3075; x_wconf 85' lang='lat' dir='ltr'>irae</span> <span class='ocrx_word' id='word_1_145' title='bbox 879 3027 991 3097; x_wconf 90' lang='lat' dir='ltr'>quam</span> <span class='ocrx_word' id='word_1_146' title='bbox 1009 3008 1136 3097; x_wconf 88' lang='lat' dir='ltr'>patriae</span> <span class='ocrx_word' id='word_1_147' title='bbox 1160 3005 1256 3075; x_wconf 91' lang='lat' dir='ltr'>utili-</span> 
     </span>
     <span class='ocr_line' id='line_1_24' title="bbox 144 3117 1257 3211; baseline -0.004 -19"><span class='ocrx_word' id='word_1_148' title='bbox 144 3124 212 3192; x_wconf 88' lang='lat' dir='ltr'>tati</span> <span class='ocrx_word' id='word_1_149' title='bbox 236 3122 501 3193; x_wconf 86' lang='lat' dir='ltr'>consulentem.</span> <span class='ocrx_word' id='word_1_150' title='bbox 535 3123 631 3209; x_wconf 87' lang='lat' dir='ltr'>Quid</span> <span class='ocrx_word' id='word_1_151' title='bbox 653 3130 831 3211; x_wconf 72' lang='lat' dir='ltr'>preterea</span> <span class='ocrx_word' id='word_1_152' title='bbox 851 3122 892 3191; x_wconf 82' lang='lat' dir='ltr'>E.</span> <span class='ocrx_word' id='word_1_153' title='bbox 915 3122 1149 3208; x_wconf 80' lang='lat' dir='ltr'>Torquatum,</span> <span class='ocrx_word' id='word_1_154' title='bbox 1167 3117 1257 3209; x_wconf 88' lang='lat' dir='ltr'>quid</span> 
     </span>
     <span class='ocr_line' id='line_1_25' title="bbox 146 3235 1257 3325; baseline -0.005 -17"><span class='ocrx_word' id='word_1_155' title='bbox 146 3240 189 3308; x_wconf 87' lang='lat' dir='ltr'>C.</span> <span class='ocrx_word' id='word_1_156' title='bbox 213 3238 251 3309; x_wconf 89' lang='lat' dir='ltr'><em>V</em></span> <span class='ocrx_word' id='word_1_157' title='bbox 251 3237 391 3321; x_wconf 75' lang='lat' dir='ltr'>ellefom</span> <span class='ocrx_word' id='word_1_158' title='bbox 408 3242 637 3307; x_wconf 78' lang='lat' dir='ltr'>memorem?</span> <span class='ocrx_word' id='word_1_159' title='bbox 654 3236 744 3325; x_wconf 92' lang='lat' dir='ltr'>quid</span> <span class='ocrx_word' id='word_1_160' title='bbox 768 3238 807 3308; x_wconf 86' lang='lat' dir='ltr'>C.</span> <span class='ocrx_word' id='word_1_161' title='bbox 827 3236 1033 3305; x_wconf 81' lang='lat' dir='ltr'>Memmium</span> <span class='ocrx_word' id='word_1_162' title='bbox 1047 3235 1257 3316; x_wconf 83' lang='lat' dir='ltr'>Gemellom,</span> 
     </span>
     <span class='ocr_line' id='line_1_26' title="bbox 147 3349 1258 3442; baseline -0.004 -22"><span class='ocrx_word' id='word_1_163' title='bbox 147 3363 212 3420; x_wconf 89' lang='lat' dir='ltr'>aut</span> <span class='ocrx_word' id='word_1_164' title='bbox 225 3353 340 3420; x_wconf 89' lang='lat' dir='ltr'>multo</span> <span class='ocrx_word' id='word_1_165' title='bbox 355 3372 502 3442; x_wconf 89' lang='lat' dir='ltr'>quoque</span> <span class='ocrx_word' id='word_1_166' title='bbox 518 3352 713 3421; x_wconf 88' lang='lat' dir='ltr'>clariorem</span> <span class='ocrx_word' id='word_1_167' title='bbox 731 3351 846 3439; x_wconf 91' lang='lat' dir='ltr'>ipsius</span> <span class='ocrx_word' id='word_1_168' title='bbox 859 3349 1039 3430; x_wconf 88' lang='lat' dir='ltr'>amicum,</span> <span class='ocrx_word' id='word_1_169' title='bbox 1061 3350 1258 3418; x_wconf 78' lang='lat' dir='ltr'>Lucretium</span> 
     </span>
     <span class='ocr_line' id='line_1_27' title="bbox 147 3463 1259 3555; baseline -0.004 -21"><span class='ocrx_word' id='word_1_170' title='bbox 147 3466 300 3548; x_wconf 81' lang='lat' dir='ltr'>Carum,</span> <span class='ocrx_word' id='word_1_171' title='bbox 320 3468 384 3554; x_wconf 90' lang='lat' dir='ltr'>qni</span> <span class='ocrx_word' id='word_1_172' title='bbox 402 3467 525 3539; x_wconf 91' lang='lat' dir='ltr'>divino</span> <span class='ocrx_word' id='word_1_173' title='bbox 543 3467 682 3554; x_wconf 89' lang='lat' dir='ltr'>ingenii</span> <span class='ocrx_word' id='word_1_174' title='bbox 700 3467 757 3536; x_wconf 93' lang='lat' dir='ltr'>sui</span> <span class='ocrx_word' id='word_1_175' title='bbox 776 3465 970 3555; x_wconf 92' lang='lat' dir='ltr'>splendore</span> <span class='ocrx_word' id='word_1_176' title='bbox 985 3463 1149 3551; x_wconf 78' lang='lat' dir='ltr'>magistri</span> <span class='ocrx_word' id='word_1_177' title='bbox 1159 3481 1259 3531; x_wconf 87' lang='lat' dir='ltr'>sont-</span> 
     </span>
     <span class='ocr_line' id='line_1_28' title="bbox 149 3577 1262 3671; baseline -0.002 -25"><span class='ocrx_word' id='word_1_178' title='bbox 149 3578 212 3648; x_wconf 91' lang='lat' dir='ltr'>nia</span> <span class='ocrx_word' id='word_1_179' title='bbox 227 3578 440 3662; x_wconf 87' lang='lat' dir='ltr'>illustravit,</span> <span class='ocrx_word' id='word_1_180' title='bbox 470 3582 721 3671; x_wconf 90' lang='lat' dir='ltr'>moralemque</span> <span class='ocrx_word' id='word_1_181' title='bbox 741 3581 906 3670; x_wconf 88' lang='lat' dir='ltr'>ejusdem</span> <span class='ocrx_word' id='word_1_182' title='bbox 925 3578 1131 3648; x_wconf 88' lang='lat' dir='ltr'>doctrinam</span> <span class='ocrx_word' id='word_1_183' title='bbox 1150 3577 1262 3663; x_wconf 89' lang='lat' dir='ltr'>vulgo</span> 
     </span>
     <span class='ocr_line' id='line_1_29' title="bbox 148 3688 1261 3785; baseline -0.006 -22"><span class='ocrx_word' id='word_1_184' title='bbox 148 3694 390 3764; x_wconf 88' lang='lat' dir='ltr'>deformatam</span> <span class='ocrx_word' id='word_1_185' title='bbox 415 3695 460 3763; x_wconf 93' lang='lat' dir='ltr'>ad</span> <span class='ocrx_word' id='word_1_186' title='bbox 487 3697 649 3785; x_wconf 85' lang='lat' dir='ltr'>priorem</span> <span class='ocrx_word' id='word_1_187' title='bbox 677 3715 782 3766; x_wconf 91' lang='lat' dir='ltr'>suam</span> <span class='ocrx_word' id='word_1_188' title='bbox 813 3692 1064 3780; x_wconf 87' lang='lat' dir='ltr'>iutegritatem</span> <span class='ocrx_word' id='word_1_189' title='bbox 1090 3688 1261 3759; x_wconf 79' lang='lat' dir='ltr'>studebat</span> 
     </span>
     <span class='ocr_line' id='line_1_30' title="bbox 151 3815 347 3878; baseline 0.005 -1"><span class='ocrx_word' id='word_1_190' title='bbox 151 3815 347 3878; x_wconf 81' lang='lat' dir='ltr'>revocare?</span> 
     </span>
    </p>

    <p class='ocr_par' dir='ltr' id='par_1_5' title="bbox 151 3917 1266 4358">
     <span class='ocr_line' id='line_1_31' title="bbox 202 3917 1264 4023; baseline -0.007 -33"><span class='ocrx_word' id='word_1_191' title='bbox 202 3922 380 4012; x_wconf 80' lang='lat' dir='ltr'>Epicurus</span> <span class='ocrx_word' id='word_1_192' title='bbox 391 3923 505 4005; x_wconf 92' lang='lat' dir='ltr'>enim,</span> <span class='ocrx_word' id='word_1_193' title='bbox 528 3939 615 3993; x_wconf 89' lang='lat' dir='ltr'>cnm</span> <span class='ocrx_word' id='word_1_194' title='bbox 632 3924 756 3994; x_wconf 90' lang='lat' dir='ltr'>omnia</span> <span class='ocrx_word' id='word_1_195' title='bbox 773 3933 843 4023; x_wconf 74' lang='grc' dir='ltr'>πρὸς</span> <span class='ocrx_word' id='word_1_196' title='bbox 856 3927 961 3999; x_wconf 64' lang='grc' dir='ltr'>ἡδονὴν</span> <span class='ocrx_word' id='word_1_197' title='bbox 978 3917 1170 3989; x_wconf 89' lang='lat' dir='ltr'>referenda</span> <span class='ocrx_word' id='word_1_198' title='bbox 1181 3934 1264 3985; x_wconf 89' lang='lat' dir='ltr'>esse</span> 
     </span>
     <span class='ocr_line' id='line_1_32' title="bbox 151 4032 1260 4125; baseline -0.008 -19"><span class='ocrx_word' id='word_1_199' title='bbox 151 4035 315 4119; x_wconf 87' lang='lat' dir='ltr'>diceret,</span> <span class='ocrx_word' id='word_1_200' title='bbox 340 4046 510 4107; x_wconf 91' lang='lat' dir='ltr'>nontam</span> <span class='ocrx_word' id='word_1_201' title='bbox 535 4039 684 4108; x_wconf 87' lang='lat' dir='ltr'>brevem</span> <span class='ocrx_word' id='word_1_202' title='bbox 708 4039 817 4107; x_wconf 92' lang='lat' dir='ltr'>istam</span> <span class='ocrx_word' id='word_1_203' title='bbox 841 4033 1006 4125; x_wconf 89' lang='lat' dir='ltr'>corporis</span> <span class='ocrx_word' id='word_1_204' title='bbox 1035 4032 1260 4119; x_wconf 83' lang='lat' dir='ltr'>voluptatem</span> 
     </span>
     <span class='ocr_line' id='line_1_33' title="bbox 152 4145 1266 4243; baseline -0.009 -21"><span class='ocrx_word' id='word_1_205' title='bbox 152 4152 358 4241; x_wconf 89' lang='lat' dir='ltr'>spectabat,</span> <span class='ocrx_word' id='word_1_206' title='bbox 380 4165 491 4243; x_wconf 87' lang='lat' dir='ltr'>quarn</span> <span class='ocrx_word' id='word_1_207' title='bbox 512 4173 593 4223; x_wconf 89' lang='lat' dir='ltr'>eam</span> <span class='ocrx_word' id='word_1_208' title='bbox 611 4174 694 4242; x_wconf 85' lang='lat' dir='ltr'>quae</span> <span class='ocrx_word' id='word_1_209' title='bbox 718 4154 795 4223; x_wconf 90' lang='lat' dir='ltr'>sola</span> <span class='ocrx_word' id='word_1_210' title='bbox 813 4153 948 4222; x_wconf 85' lang='lat' dir='ltr'>virtute</span> <span class='ocrx_word' id='word_1_211' title='bbox 971 4148 1129 4218; x_wconf 88' lang='lat' dir='ltr'>efficitur</span> <span class='ocrx_word' id='word_1_212' title='bbox 1148 4145 1266 4214; x_wconf 88' lang='lat' dir='ltr'>totius</span> 
     </span>
     <span class='ocr_line' id='line_1_34' title="bbox 154 4259 1260 4358; baseline 0.001 -26"><span class='ocrx_word' id='word_1_213' title='bbox 154 4266 236 4337; x_wconf 74' lang='lat' dir='ltr'>viioe</span> <span class='ocrx_word' id='word_1_214' title='bbox 273 4267 486 4337; x_wconf 79' lang='lat' dir='ltr'>feliciilllem</span> <span class='ocrx_word' id='word_1_215' title='bbox 517 4274 583 4358; x_wconf 72' lang='grc' dir='ltr'>(τήν</span> <span class='ocrx_word' id='word_1_216' title='bbox 617 4284 667 4342; x_wconf 77' lang='grc' dir='ltr'>τοῦ</span> <span class='ocrx_word' id='word_1_217' title='bbox 693 4276 761 4339; x_wconf 81' lang='grc' dir='ltr'>ὅλου</span> <span class='ocrx_word' id='word_1_218' title='bbox 783 4275 886 4346; x_wconf 76' lang='grc' dir='ltr'><strong>αἴωνος</strong></span> <span class='ocrx_word' id='word_1_219' title='bbox 913 4271 1128 4357; x_wconf 69' lang='grc' dir='ltr'>μακαριότητα.</span> <span class='ocrx_word' id='word_1_220' title='bbox 1155 4259 1260 4345; x_wconf 72' lang='lat' dir='ltr'>Didg·</span> 
     </span>
    </p>
   </div>
   <div class='ocr_carea' id='block_1_4' title="bbox 0 0 1519 4750">
    <p class='ocr_par' dir='ltr' id='par_1_6' title="bbox 0 0 1519 4750">
     <span class='ocr_line' id='line_1_35' title="bbox 0 0 1519 4750; baseline 0 0"><span class='ocrx_word' id='word_1_221' title='bbox 0 0 1519 4750; x_wconf 95' lang='lat' dir='ltr'> </span> 
     </span>
    </p>
   </div>
  </div>
 </body>
</html>
