2984 4750
624 238 819 316 ...pp-

167 388 256 459 iore.
267 388 359 458 Nam
378 386 540 479 prolecto
552 389 649 459 haud
658 409 804 480 semper
814 389 949 460 multas
962 391 1060 460 inter
1072 411 1131 462 res
1145 392 1275 482 liquet,

168 505 270 576 unde,
282 505 400 594 major
417 511 489 574 stet
503 504 655 588 utilitas,
675 506 934 596 honestasque,
950 506 1022 577 nisi
1034 527 1107 597 qua
1121 528 1163 577 er
1181 527 1279 578 com·

68 645 72 651 ·
169 620 275 691 muni
285 639 471 704 mensura,
484 621 786 709 singulaeinterse
800 631 1073 712 comparentur.
1086 624 1279 694 Maximam

168 745 347 825 praeterea
372 737 546 828 equidem
573 736 770 807 utilitatem
794 756 879 808 cum
904 757 1051 809 summo
1077 738 1174 811 bono
1189 760 1279 811 con-

161 857 330 942 junctam
344 872 424 923 esse
441 853 602 924 concedo
616 878 624 935 ;
640 873 713 943 qua
728 873 814 924 vero
827 855 865 922 in
876 873 916 924 re
934 854 1047 937 illud,
1062 874 1137 946 quo
1151 875 1281 926 omnes

167 968 318 1040 tendere
336 969 510 1051 debeant,
531 988 746 1058 supremum
768 969 907 1039 bonum
926 979 1085 1054 constet,
1106 972 1204 1042 baud
1221 991 1280 1042 sa-

168 1084 215 1155 tis
231 1085 506 1156 iuterbomines
518 1085 711 1168 convenit;
726 1084 870 1156 sublata
885 1088 1123 1175 praesertime
1136 1087 1275 1158 mundo

169 1198 330 1269 Deorum
346 1199 596 1289 providentia,
618 1218 758 1290 speque
775 1201 1065 1272 immortalitatis
1080 1200 1152 1298 (l).

217 1333 319 1404 Plato
338 1353 490 1424 nempe,
511 1353 597 1405 cum
616 1334 656 1404 iu
673 1333 741 1403 bac
761 1334 967 1405 officiorum
985 1337 1277 1426 comparatione,

101 1463 105 1468 ·
166 1448 356 1520 bominem
373 1449 462 1519 olim
482 1448 527 1518 ad
551 1449 588 1518 id
614 1457 761 1519 tautum
780 1451 878 1539 quod
897 1471 962 1540 per
980 1471 1017 1521 se
1036 1452 1277 1542 absoluteque

168 1563 308 1633 bonum
320 1573 395 1644 est,
416 1564 599 1652 respicere
608 1563 779 1653 juberet,
798 1565 995 1636 sublimem
1016 1567 1180 1655 profecto
1195 1587 1277 1637 earn

167 1678 250 1748 vitae
273 1677 504 1766 disciplinam
528 1678 572 1747 ad
594 1678 805 1749 animorum
823 1681 1141 1751 immortalitatem
1161 1682 1278 1751 infor-

168 1793 311 1877 mabat,
338 1802 587 1883 aeternamque
605 1794 766 1867 Deorum
785 1814 871 1865 cum
889 1795 1101 1866 bominibus
1121 1797 1277 1867 societa—
1372 1884 1376 1889 st

166 1921 242 1981 tem
266 1909 391 1980 divino
408 1928 475 1979 suo
492 1909 642 1997 ingenio
662 1911 986 2000 complectebatur.
1002 1955 1041 1965 -
1062 1911 1276 1983 Aristoteles

167 2044 273 2109 vero,
294 2025 359 2115 qui
378 2024 551 2095 virtutem
570 2045 701 2097 rursus
717 2026 815 2095 intra
834 2026 916 2094 vitae
936 2028 1117 2097 terminos
1131 2046 1277 2098 coerce·

167 2141 246 2224 bat,
259 2159 441 2230 omneque
452 2139 590 2210 bonum
606 2160 649 2210 ex
663 2141 834 2210 utilitatis
851 2148 1019 2230 respectu
1035 2141 1272 2226 metiebatur,

166 2256 204 2325 in
223 2276 265 2326 ea
292 2254 437 2326 utilium
463 2254 561 2325 inter
583 2273 622 2324 se
649 2255 946 2345 comparatione,
972 2257 1028 2339 id,
1052 2265 1093 2327 ut
1118 2258 1273 2342 melius,

167 2371 436 2464 praeferendum
466 2391 545 2442 esse
569 2370 742 2443 censebat
764 2372 863 2463 quod
882 2372 928 2442 ad
946 2373 1108 2462 plurium
1135 2373 1277 2446 utilita-

165 2498 241 2559 tem
275 2487 496 2577 pertineret:
520 2485 757 2577 ‘prorsusque
787 2487 825 2556 in
860 2506 903 2557 eo
931 2506 1118 2557 summum
1137 2489 1276 2560 bonum

164 2600 419 2672 collocandum
444 2621 546 2684 esse,
590 2602 687 2672 unde
716 2603 897 2674 universae
934 2602 1091 2672 civitatis
1121 2603 1275 2675 felicitas

164 2727 357 2806 pareretur
375 2718 437 2807 (2).
470 2717 548 2788 Hoc
572 2718 686 2816 igitur
704 2717 910 2789 universale
930 2718 1177 2807 Peripateticis
1200 2719 1273 2790 cri-

163 2834 299 2905 terium
317 2832 403 2914 luit,
421 2852 495 2922 quo
508 2835 632 2904 omniu
650 2834 687 2903 in
701 2834 846 2904 vivendi
864 2834 1057 2924 disciplina
1070 2837 1270 2918 referrent,

162 2960 272 3039 atque
293 2943 390 3019 unde
410 2948 699 3038 perpenderetur
719 2959 900 3039 quantum
919 2949 1121 3021 honestatis
1139 2952 1179 3021 irr
1197 2953 1274 3022 sin-

162 3063 258 3151 gulis
271 3060 382 3132 rebus
399 3062 546 3132 inesset.

209 3192 257 3261 Ea
273 3201 330 3263 est
352 3194 561 3265 eommunis
582 3194 710 3284 patriae'
735 3196 896 3279 utilitas,
918 3217 1031 3288 quam
1048 3200 1178 3289 etipse
1195 3220 1270 3271 suae

159 3307 366 3379 officiorum
380 3310 640 3398 compositioni
653 3310 831 3400 imposuit
842 3311 985 3385 Cicero.
1009 3314 1270 3386 «Sicontentio

161 3423 385 3513 »quaedam,
412 3424 557 3514 inquit,
579 3434 616 3495 et
637 3427 864 3515 comparatio
885 3429 969 3511 fiat,
999 3430 1135 3520 quibus
1155 3432 1271 3520 pluri·

161 3558 297 3624 »mum
323 3538 563 3610 tribuendum
588 3540 720 3623 officii,
749 3543 935 3634 principes
957 3556 1044 3616 sunt
1067 3546 1214 3629 Putria,
1234 3557 1271 3616 et

159 3664 381 3743 ‚parentes
416 3673 576 3744 quorum
609 3654 798 3728 beneficiis
834 3659 1003 3730 maximis
1032 3659 1182 3749 obligati
1212 3682 1270 3732 su·

189 4003 224 4069 (t)
236 4006 290 4057 Nou
302 4006 342 4054 blo
351 4005 475 4065 referam,
492 4010 552 4068 quot
566 4004 670 4055 diversae
690 4005 721 4055 de
735 4007 833 4055 comma·
846 4005 910 4057 bont*
926 4014 1026 4058 notura
1041 4010 1193 4071 opinionesa
1210 4009 1268 4071 pbl-

157 4086 266 4149 losopbte
281 4090 337 4136 lum
353 4085 552 4136 defenderentur.
577 4085 651 4136 Nulla
668 4090 753 4135 autem
771 4099 885 4149 unquam
906 4086 937 4137 de
950 4100 977 4137 re
998 4090 1023 4137 in
1041 4091 1176 4151 gymnasiis
1191 4091 1269 4150 magis

156 4165 341 4228 ambigebatur,
364 4170 426 4216 teste
443 4167 556 4217 terentio
570 4167 695 4225 Varrone,
712 4169 755 4227 qut
772 4179 818 4216 suo
830 4170 940 4230 temporo
950 4168 1083 4231 plusquam
1100 4174 1221 4219 trecentas
1239 4169 1269 4219 de

156 4245 244 4296 eudem
254 4259 283 4296 ea
297 4260 323 4297 re
340 4248 475 4296 sententias
488 4247 642 4297 numerabat.
652 4271 683 4281 -
698 4244 733 4310 (l)
745 4245 803 4296 Etb.
815 4247 846 4295 ad
857 4247 909 4296 Nlo.
921 4247 945 4307 l,
957 4253 979 4297 l.

1044 4340 1062 4399 4
