2984 4750
696 240 892 320 ..5pm

244 407 413 496 -Quam
432 409 612 479 doetrinae
629 409 894 481 sublimitatem
906 429 971 500 per
981 421 1096 483 totam
1108 413 1220 484 vitam
1232 415 1356 487 tenuit

244 523 344 595 Cato.
465 540 467 551 ¹

527 635 556 685 lli
570 648 663 697 mores,
676 636 729 686 linc
740 637 795 687 duri
807 639 910 689 immota
923 639 1026 688 Catonis

461 718 530 769 Sucia
546 715 605 774 tuit,
623 727 720 764 servare
734 715 836 764 modum
849 714 975 778 libensque
986 724 1086 776 tenere,

459 795 628 858 Naturamque
638 798 707 857 sequi
718 831 726 854 ,
738 799 874 858 patrieque
885 798 1027 860 impendere
1041 802 1133 856 vitam,

461 875 509 925 Nec
520 874 576 933 slbl,
592 874 635 925 sed
645 877 688 923 toti
706 877 819 937 genitum
830 889 856 926 se
867 878 966 927 eredere
977 880 1073 929 mundo
1089 878 1099 943 (
1115 878 1134 943 ).

295 1046 484 1136 Nusquam
493 1046 657 1136 proiecto
669 1066 752 1116 eam
764 1048 934 1118 humanae
945 1050 1360 1140 societatisopinionens

246 1161 380 1231 elarius
395 1179 603 1251 expressam
617 1161 803 1232 invenias:
816 1164 933 1253 sijum
946 1184 1031 1234 vero
1044 1166 1247 1255 quaesieris,
1264 1167 1356 1255 quid

244 1275 330 1346 inde
344 1275 389 1345 ad
406 1294 516 1346 usum
530 1276 613 1346 vitae
627 1275 754 1347 Cicero
768 1280 1054 1369 exprompserit,
1070 1266 1152 1350 tum
1164 1281 1358 1371 apparebit

186 1382 190 1389 ’
245 1391 460 1462 uuiversum
472 1391 564 1462 illud
579 1392 740 1483 antiquae
754 1393 930 1463 doctrinae
943 1394 1085 1477 vitium,
1100 1395 1274 1465 sterilitas
1287 1395 1357 1464 sci·

245 1508 331 1577 licet
340 1517 450 1597 atque
460 1507 498 1576 in
511 1507 651 1596 agendo
665 1508 910 1580 imbecillitas.
929 1509 1048 1596 Quam
1057 1510 1157 1579 enim
1172 1511 1358 1600 sapientes

246 1623 437 1692 veritatem
451 1623 487 1692 ri
504 1623 658 1694 rationis
676 1643 772 1713 saepe
790 1634 1063 1714 perspexerant,
1083 1645 1165 1694 eam
1182 1625 1358 1696 inutilem

242 1740 401 1835 jacuisse
423 1739 577 1822 dixeris,
605 1740 721 1809 donec
744 1740 914 1827 ignavam
937 1740 1105 1810 Christus
1125 1740 1249 1810 divino
1266 1761 1358 1831 quo-

246 1854 330 1923 dam
351 1855 484 1943 spiritu
505 1854 717 1936 suscitaret3
733 1862 770 1924 et
788 1855 834 1924 ab
851 1856 966 1925 otiosa
985 1856 1296 1945 contemplatione
1317 1856 1356 1923 in

246 1971 413 2040 vitamet
437 1954 559 2040 mores
585 1969 940 2057 devocaret-Quid
961 1972 1116 2061 proluit,
1138 1971 1237 2062 quod
1265 1973 1358 2041 adeo

246 2087 438 2174 magnifice
456 2086 500 2156 de
513 2085 636 2155 divino
652 2086 715 2155 illo
731 2086 927 2156 hominum
945 2088 1130 2157 consortio
1148 2085 1359 2157 Cicerodis-

246 2210 427 2292 putasset,
445 2201 475 2271 si
501 2201 591 2290 quid
615 2222 658 2271 ex
678 2201 748 2270 hoc
766 2202 953 2290 proposito
970 2213 1206 2291 sequeretur,
1222 2203 1357 2291 quidve

249 2316 453 2407 praesertim
462 2315 644 2405 deiniqua
652 2332 842 2386 servorum
851 2317 1062 2387 conditione
1071 2317 1361 2390 existimandum

247 2443 360 2515 esset,
389 2441 453 2501 aut
478 2432 630 2502 omnino
652 2451 728 2501 non
755 2432 905 2513 viderit,
934 2441 998 2501 aut
1019 2452 1150 2521 cogere
1170 2433 1358 2502 noluerit?

231 2604 233 2614 .
248 2547 439 2637 Nusquam
456 2548 574 2630 enim,
605 2566 690 2616 cum
707 2548 752 2616 ad
775 2567 885 2617 usum
905 2548 1025 2629 venit,
1054 2548 1154 2616 idem
1171 2546 1359 2617 dubitasse

248 2662 412 2745 videtur,
439 2663 529 2752 quin
552 2662 637 2751 jure
655 2682 739 2752 pars
756 2660 953 2731 hominum
971 2662 1017 2730 ab
1039 2660 1153 2730 altera
1171 2671 1276 2751 parte
1296 2681 1360 2751 pe-

248 2775 404 2846 cudibus
421 2786 675 2865 exaequaretur
691 2775 778 2869 <Lex
789 2773 957 2864 Aquilia).
979 2775 1073 2843 Dum
1088 2774 1258 2845 Christus
1274 2794 1359 2845 cou-

248 2903 306 2962 tra
321 2910 405 2960 mox
423 2909 602 2980 pauperes
620 2909 662 2959 ac
676 2909 799 2961 servos
816 2909 888 2979 pro
904 2890 969 2984 Dei
983 2889 1070 2958 liliis
1082 2889 1269 2959 habendos
1280 2909 1359 2960 esso

249 3005 413 3088 docebit,
428 3025 490 3077 eos
505 3004 631 3077 Cicero
650 3006 706 3074 vix
720 3005 890 3075 meminit
903 3005 1172 3074 homiuesesse.
1187 3005 1261 3074 Nec
1272 3007 1360 3074 satis

249 3132 390 3193 tantam
406 3121 609 3193 disserendi
633 3121 899 3196 sublimitatem
923 3140 1009 3190 cum
1035 3120 1238 3209 asperrima
1259 3140 1302 3189 ea
1320 3121 1357 3188 in

250 3239 390 3328 agendo
397 3238 565 3316 socordia
574 3257 647 3307 una
659 3237 698 3305 in
716 3236 847 3306 eodem
855 3235 1005 3313 bomine
1017 3235 1215 3305 conciliare
1225 3234 1355 3304 valeas.

251 3395 298 3408 -
319 3353 412 3427 Nam
433 3371 530 3441 soepe
555 3352 709 3442 questio
730 3350 941 3426 istiusmodi
962 3351 1006 3420 in
1025 3349 1233 3428 Stoicorum
1256 3350 1366 3421 libris.

252 3468 483 3560 agitabatur,
510 3467 635 3536 bonine
657 3467 729 3542 viri
754 3476 842 3536 esset
868 3467 908 3535 iu
933 3466 1094 3534 maoeima
1129 3466 1273 3535 caritate
1293 3484 1361 3538 aa·

213 3617 227 3648 s
251 3603 363 3668 nonae,
379 3580 556 3673 [omilium
582 3601 651 3670 nott
675 3582 791 3656 alere?
810 3591 884 3664 out,
899 3602 978 3651 cum
995 3582 1035 3649 io
1049 3581 1142 3649 mori
1147 3578 1293 3667 jactura
1303 3576 1364 3668 so-¹

252 3702 375 3773 cienda
386 3716 488 3782 esset,
508 3699 631 3788 equine
639 3697 784 3786 pretiosi
792 3698 905 3785 potius
916 3698 1068 3784 sapiens,
1080 3716 1127 3768 uu
1137 3695 1270 3764 servuli
1280 3694 1362 3762 vilis

246 3820 423 3913 jacturam
438 3811 552 3904 fucere
570 3813 730 3882 deberet:
757 3831 798 3881 re
815 3814 975 3880 multum
998 3812 1034 3878 in
1061 3821 1257 3898 utramque
1277 3828 1361 3898 par-

254 3944 329 4009 tem
345 3932 548 4021 disputata,
569 3930 615 3998 ad
641 3937 847 3998 extremum
872 3927 1023 4009 Hecato,
1055 3944 1151 3994 rmus
1176 3944 1197 3993 e
1223 3925 1363 4013 princi-

287 4242 418 4310 (tll’hars.
434 4243 475 4292 lll.
