2984 4750
624 311 671 326 ..
698 259 743 343 δή
770 311 817 328 .-

166 443 372 513 diffundere
403 441 597 511 studeant?
626 441 767 528 Qnifit
799 442 975 530 denique,
1014 449 1053 508 ut
1084 426 1277 510 Socratica}

166 557 344 627 doctrinae
371 558 485 646 ipsius
509 556 682 645 splendor
696 557 924 655 senescendo
947 556 1136 626 obscurari
1160 557 1277 624 videa-

168 682 242 754 tur,
262 673 399 745 nedum
414 672 549 742 clarius
566 673 604 741 in
632 672 710 742 dies
727 674 891 743 eluceat?
909 672 999 741 Nam
1024 673 1107 762 quis
1128 672 1277 742 demum

166 794 408 884 philosophiae
432 814 452 860 a
474 791 625 862 Socrate
650 813 768 883 usque
791 792 836 862 ad
852 790 1071 862 Ciceronem
1096 794 1278 881 proiectus

166 909 256 990 luit,
277 910 348 979 nisi
366 917 409 979 ut
427 908 523 996 ipsas
548 907 630 977 illas
647 908 692 977 de
710 909 777 977 Dei
794 907 1029 997 hominisque
1050 917 1181 976 natura
1199 908 1281 997 opta

168 1024 317 1106 niones,
344 1023 479 1113 quibus
505 1039 590 1090 vera
620 1023 737 1091 virtus
763 1022 964 1092 consistere
994 1021 1125 1091 debeat
1150 1022 1281 1090 tundaa

169 1139 325 1220 mentis,
355 1136 518 1227 undique
544 1137 739 1206 contrariis
761 1146 946 1206 sectarum
972 1135 1282 1225 disputationibus

171 1254 424 1343 impugnatus,
440 1252 621 1322 dubitatio
633 1253 672 1320 in
690 1252 768 1320 dies
781 1252 896 1338 magis
911 1251 1166 1321 labefactaret?
1179 1252 1281 1322 Tunc

164 1369 267 1437 enirn
292 1368 434 1447 omnia,
471 1376 512 1436 ut
537 1367 716 1449 vidimus,
751 1367 841 1436 adeo
872 1366 1145 1449 miscebantur,
1178 1368 1281 1435 utin

167 1485 236 1552 hac
252 1483 585 1552 diversissimarum
611 1482 880 1550 sententiarum
906 1482 1087 1563 colluvie,
1110 1482 1199 1571 quid
1221 1502 1284 1551 ve-

166 1609 251 1668 rum
266 1606 384 1678 esset,
405 1597 494 1686 quid
510 1596 660 1675 falsum,
685 1596 883 1684 qnisquam
898 1596 993 1684 jam,
1014 1606 1148 1684 praeter
1165 1596 1283 1665 Deum

171 1713 302 1794 illum,
327 1730 437 1802 quent
463 1710 604 1781 Tullius
627 1712 704 1800 ipse
733 1711 780 1779 ad
810 1711 1035 1779 enucleanda
1066 1713 1190 1780 omnia
1218 1733 1279 1782 voa

170 1825 278 1896 cabat
297 1824 365 1920 (1),
397 1826 451 1893 rix
471 1826 650 1914 potuisset
666 1826 886 1895 discernere.

216 1939 285 2009 Sed
303 1948 345 2009 nt
365 1938 528 2028 primum
551 1939 597 2006 ab
619 1939 773 2008 Oriente
795 1959 888 2008 nova
910 1941 972 2008 lux
987 1941 1049 2008 illa
1063 1939 1278 2011 Christianae

167 2055 343 2125 doctrinae
363 2054 520 2136 affulsit,
540 2054 626 2122 inde
642 2055 718 2142 jam
737 2074 865 2124 omnes
880 2056 1068 2135 homines,
1085 2074 1153 2124 nec
1174 2057 1278 2145 prin-

166 2170 267 2259 cipes
275 2169 386 2239 modo
403 2189 444 2237 ac
459 2169 657 2250 litteratos,
672 2169 734 2238 sed
749 2168 930 2256 ignobiles
937 2169 1120 2258 imprimis
1132 2170 1279 2259 penitus

168 2285 329 2367 moveri,
358 2292 469 2375 atque
493 2284 532 2352 in
562 2303 694 2352 novam
723 2285 813 2353 ritae·
830 2285 1012 2353 rationem
1031 2296 1180 2355 strenue
1199 2302 1278 2356 sese

167 2401 357 2489 accingere
371 2400 505 2469 videas.
529 2399 717 2490 Extemplo
734 2401 776 2474 lit
794 2417 939 2472 morum
956 2403 1125 2486 mutatio,
1150 2402 1274 2493 quam,

169 2524 277 2604 pmut
290 2517 465 2605 pleraque
479 2516 693 2585 mortalium
708 2517 817 2603 vulgo
828 2535 865 2585 se
883 2517 1017 2585 habere
1029 2519 1147 2586 solent
1161 2571 1169 2600 ,
1184 2538 1278 2587 nun·

167 2649 279 2719 quarn
296 2630 549 2719 praevidissent
571 2631 626 2699 vel
653 2629 931 2719 prudentissimi
956 2653 963 2698 :
986 2632 1176 2721 virtusque
1195 2643 1278 2701 tan-

165 2745 250 2815 dem
267 2765 350 2815 vere
372 2765 414 2813 ex
436 2745 551 2813 otiosa
569 2746 879 2834 contemplatione
901 2747 945 2815 ad
967 2748 1150 2816 actionem
1172 2767 1278 2818 revo-

170 2869 285 2930 catur.
303 2861 405 2929 -ht
427 2861 533 2929 multi
559 2859 707 2949 quidem
730 2870 837 2942 sunt,
861 2863 926 2949 qni
942 2860 1129 2932 Christum
1145 2864 1274 2946 velint,

170 2975 352 3065 quidquid
381 2976 420 3043 in
453 2976 660 3063 sapientum
696 2974 899 3064 disciplinis
933 2978 1276 3065 praestantissimum

171 3090 373 3171 invenerit,
396 3089 464 3159 sibi
477 3088 692 3158 vindicasse.
712 3087 781 3158 Sed
796 3091 885 3179 quid
900 3091 1010 3160 inde?
1025 3092 1062 3162 Si
1076 3095 1165 3183 quid
1177 3095 1278 3163 eninr

170 3225 213 3275 ex
229 3206 311 3275 istis
328 3206 498 3274 humanae
516 3205 704 3293 sapientiae
726 3205 887 3274 lontibus
910 3204 1077 3279 Christus
1094 3208 1276 3293 hauserit,

169 3322 248 3411 ipse
263 3330 395 3390 cuncta
414 3321 504 3389 adeo
517 3329 716 3408 expurgat,
733 3331 770 3390 et
789 3322 834 3390 ad
850 3323 1011 3411 priorem
1029 3345 1138 3395 suum
1154 3327 1278 3415 splen-

171 3436 296 3507 dorem
322 3435 500 3516 restituit,
519 3435 715 3524 divinaque
735 3456 800 3505 sna
818 3437 953 3507 virtute
967 3448 1142 3529 tanquam
1161 3442 1278 3529 inspi-

171 3559 247 3634 rat,
264 3558 306 3622 ut
321 3559 397 3621 tota
414 3549 477 3618 illa
499 3550 642 3619 vivendi
662 3552 848 3623 institutio
864 3574 906 3623 ex
919 3555 1042 3625 divina
1058 3557 1200 3644 origine
1212 3557 1277 3626 de-

170 3668 316 3738 lluxisse
331 3665 498 3734 videatur
514 3689 522 3734 ε
540 3685 726 3756 quamque
744 3667 950 3738 doctrinam
970 3672 1133 3761 primum
1152 3674 1190 3741 in
1213 3674 1279 3742 iis-

168 3785 277 3866 dem,
300 3801 343 3852 ac
374 3779 532 3851 Stoicam
557 3782 676 3871 ipsam
699 3783 899 3871 rationem,
931 3786 1121 3877 principiis
1145 3789 1275 3869 inniti,

171 3908 209 3968 et
234 3898 404 3989 quadam
431 3897 565 3968 similia
592 3897 728 3968 habere
754 3899 1037 3987 existimaveris,
1066 3903 1108 3972 siv
1127 3903 1278 3993 propius

170 4032 257 4082 vero
274 4011 443 4096 accedas,
457 4013 534 4102 jam
552 4013 735 4102 intelliges
752 4013 853 4083 illam
871 4015 977 4086 alteri
993 4014 1278 4087 dissimillimam

204 4278 239 4345 (t)
255 4280 355 4331 Tuscul.
365 4285 453 4344 quaest.
467 4281 491 4343 l,
512 4285 548 4330 tt.
