2984 4750
696 238 890 305 ...50-

239 436 252 465 n
269 404 445 495 mustoll.
459 403 488 487 l,
500 405 544 476 17
550 422 574 493 j.
586 436 598 464 υ
612 403 653 472 Et
662 422 773 492 supra
790 423 799 470 z
820 403 964 488 .Quum
977 406 1101 473 omnin
1118 406 1260 476 ratione
1272 408 1353 477 nni·

239 552 252 585 2
268 538 402 609 tuoque
412 518 593 601 lustratis,
603 518 773 589 omnium
784 518 1003 589 societatum
1011 520 1348 610 nullaestgrnvior‚

239 634 521 718 mullatenus,
543 651 656 725 quum
675 652 718 703 es
737 653 820 724 quae
847 653 932 704 curn
962 634 1050 724 Rep.
1071 645 1128 705 est
1144 636 1351 729 unicuique

237 760 449 821 »nostrum
471 748 554 820 Curi
568 759 656 820 sunt
675 759 863 839 parentes,
883 750 960 819 ceri
980 749 1103 835 liberi,
1123 754 1346 843 propinqui,

239 896 252 929 »
269 866 466 935 familiares
482 887 491 933 t
514 864 577 935 sed
592 883 720 935 omnes
738 865 905 934 omnium
928 864 1100 935 caritates
1121 869 1247 940 Patrio
1274 889 1349 938 una

237 1014 250 1043 ι
268 985 458 1073 complexu
469 990 526 1052 est
546 981 613 1076 (l).
633 1009 647 1041 ι

285 1096 384 1185 Quid
392 1096 556 1188 prolecto
566 1097 686 1185 maJus
698 1096 1140 1186 opportuniusquealtere
1148 1100 1350 1189 illnpatriae

236 1213 415 1303 religione
427 1221 508 1282 tum
525 1211 647 1301 potuit
671 1210 861 1293 adbiberi,
881 1229 956 1301 quo
974 1220 1108 1282 caetere
1123 1208 1244 1284 efficia
1262 1236 1347 1285 cun-

237 1326 519 1417 vergerenttSat
531 1327 632 1397 enim
645 1324 820 1396 omnibus
829 1336 1074 1416 compertum,
1086 1348 1160 1417 qun
1168 1330 1347 1417 singulari

237 1462 383 1535 semper
409 1442 560 1514 ueritate
589 1442 743 1513 Romani
779 1440 935 1511 Romam
963 1463 1068 1512 suam
1103 1445 1343 1517 excoluerint.

237 1560 405 1647 (luorum
430 1557 461 1629 si
484 1556 635 1627 annales
651 1557 869 1639 revolveris,
894 1558 1034 1627 eminet
1058 1559 1196 1649 ubique
1211 1563 1348 1632 urden-

239 1673 404 1745 tissimus
420 1672 482 1742 ille
508 1671 635 1761 patriae
654 1690 759 1740 antor
779 1693 788 1738 ε
811 1670 914 1759 Reip.
943 1671 1084 1742 utilitas
1108 1693 1175 1762 pro
1199 1694 1347 1747 summo

233 1790 317 1878 lure
331 1786 506 1867 hebetum
522 1804 634 1875 quum
651 1786 696 1855 nd
716 1785 914 1856 utilitatem
937 1787 1125 1869 instituta,
1145 1787 1266 1876 leges,
1289 1811 1347 1860 re·

239 1904 414 1990 limones,
447 1920 569 1971 mores
597 1898 736 1989 publici
767 1901 994 1991 privatique,
1027 1901 1151 1972 divina
1185 1905 1348 1997 denique

239 2020 471 2107 humaneque
484 2015 609 2088 omniu
622 2016 833 2087 llectuntur.
851 2017 963 2099 Nem,
982 2026 1023 2088 ut
1036 2018 1081 2088 de
1094 2019 1176 2088 eliis
1188 2028 1343 2102 taceam,

238 2151 416 2226 quorsum
441 2133 591 2204 tundem
613 2142 718 2203 vetus
740 2150 783 2202 eu
805 2132 934 2201 Numae
955 2134 1000 2202 de
1026 2134 1139 2203 saeris
1161 2135 1347 2206 institutio

238 2249 436 2341 pertinuit,
451 2247 522 2319 nisi
534 2258 576 2318 ut
588 2248 712 2339 superi
727 2247 831 2336 Relp.
845 2248 915 2336 ipsi
928 2248 1170 2331 inservirent,
1184 2260 1223 2320 et
1236 2253 1345 2341 quid-

238 2358 504 2453 quidpetribus
521 2357 708 2440 libuisset,
729 2358 895 2448 auguriis
912 2359 1221 2431 confirmaretur?
1238 2362 1345 2449 Quod

239 2477 283 2565 Q.
296 2474 486 2558 Maximus,
498 2493 584 2545 cum
599 2492 718 2561 augur
731 2485 844 2558 esset,
859 2475 936 2564 ipse
949 2476 1070 2563 pelam
1083 2476 1343 2565 profitebatur:

238 2591 375 2681 optimis
390 2589 523 2662 scilicet
532 2588 702 2678 auspiciis
719 2609 760 2659 ea
769 2591 861 2677 ueri,
875 2608 952 2678 quoe
967 2609 1033 2677 pro
1051 2590 1145 2678 Reip.
1163 2592 1274 2661 salute
1283 2614 1347 2682 qe-

240 2716 421 2792 rereutur·;
452 2723 530 2794 qun
563 2719 683 2775 centra
708 2705 829 2792 Remp.
865 2703 1005 2792 fierent,
1037 2714 1156 2775 contra
1188 2710 1347 2795 auspicia

239 2820 320 2912 fleri
330 2818 397 2915 (2).
414 2819 738 2909 Postquumigitur
754 2803 918 2889 obsnleta
927 2821 1004 2907 jum
1019 2821 1203 2909 majorum
1215 2842 1346 2911 super-

240 2935 340 3009 stitio
353 2935 494 3007 nullum
510 2933 620 3005 iidem
638 2932 848 3016 obtinebat,
869 2934 1006 3004 restitit
1021 2944 1146 3005 temen
1162 2939 1347 3009 sanctissi-

241 3072 345 3125 mum
362 3052 454 3123 illud
469 3050 626 3121 civitatis
644 3068 807 3132 numen,
833 3048 1071 3141 Romanaque
1099 3052 1268 3136 fortune,
1300 3057 1345 3124 ed

240 3188 353 3263 quent
364 3176 447 3238 vota
464 3183 640 3260 spemque
655 3184 759 3235 suem
773 3166 930 3254 populus
944 3177 1194 3237 converteret:

625 3358 771 3418 Summique
781 3370 796 3406 ο
808 3357 923 3406 Numinis
940 3362 1016 3408 instar

498 3435 768 3498 bmnuuwms

289 3599 366 3670 Mox
383 3656 392 3685 ,
411 3599 474 3670 ubi
488 3600 567 3691 ipsa
583 3600 647 3669 illa
664 3599 792 3670 civitas
808 3601 846 3669 in
865 3601 970 3673 bellis
988 3605 1156 3677 civilibus
1170 3607 1341 3697 perierit,

269 3875 304 3942 (t)
313 3875 369 3929 Jtm
382 3876 442 3927 ollm
458 3877 567 3928 lueilius
581 3881 606 3928 ln
621 3881 701 3930 sallris
713 3879 826 3929 dixerut:

424 3982 515 4040 Virtus,
525 3984 614 4035 Albine,
627 3991 662 4030 est
671 3984 772 4042 pretium
782 3985 914 4041 persolvere
923 3999 1047 4032 verum.....

423 4055 549 4101 Commode
559 4057 764 4114 prutereuputrioe
772 4056 816 4101 sibl
826 4056 901 4112 primu
912 4063 1007 4114 putere,

426 4125 515 4171 Deinde
525 4134 659 4184 parentum,
668 4129 792 4183 terlitium
805 4134 967 4185 postremaque
978 4137 1064 4174 nostra.

267 4222 302 4280 (ll
315 4220 349 4268 be
363 4221 469 4279 Sonent,
480 4226 503 4271 l.
