2984 4750
701 256 895 323 ..10-

244 425 311 494 ciis
329 423 602 494 institutionem
628 421 811 491 derivasse
836 430 948 510 atque
970 431 1194 512 temperasse
1212 423 1276 493 ille
1300 424 1356 493 vi-

244 539 388 609 deatur.
407 538 498 609 Rem
522 557 608 607 vero
635 538 746 626 paulo
771 536 880 606 altius
905 536 1081 624 indagare
1110 556 1259 607 necesse
1276 548 1352 621 est,

245 656 286 726 et
307 655 537 744 singularum
567 654 670 743 prius
700 660 905 736 sectarum,
933 662 1124 740 quactum
1154 652 1280 723 Romae
1310 652 1355 724 de

245 770 448 839 moralibus
475 767 723 853 disserebant,
746 768 886 836 variam
912 767 1018 856 sequi
1044 767 1252 848 fortunam
1280 787 1355 837 non

248 893 290 954 ut
318 903 405 953 vero
431 904 490 953 res
524 891 814 973 pertractem,
844 882 906 952 sed
932 891 975 951 ut
1008 901 1070 952 eas
1095 883 1274 951 hactenus
1299 892 1357 952 at-

247 1000 455 1087 tingamus,
485 1008 668 1089 quatenus
693 998 739 1066 ad
770 997 1020 1086 cognitionem
1054 998 1242 1066 Ciceronis
1271 1015 1357 1089 per-

246 1115 377 1184 tinent.

297 1229 342 1298 Ex
369 1229 521 1299 diversis
549 1229 663 1316 igitur
686 1228 890 1298 moralibus
915 1228 1043 1311 sectis,
1063 1248 1146 1318 quae
1169 1226 1357 1318 quondam

246 1362 290 1413 ex
307 1341 492 1416 Socratico
512 1344 612 1413 fonte
631 1343 886 1424 diffluxerant,
908 1341 989 1412 duae
1008 1343 1266 1413 tantummodo
1279 1344 1358 1433 jam

248 1458 306 1528 his
323 1459 551 1547 temporibus
569 1459 693 1530 Romae
712 1478 796 1527 vere
819 1457 1127 1541 nominabantur,
1147 1457 1268 1528 Stoica
1286 1456 1359 1526 sci-

247 1574 335 1644 licet
350 1583 388 1643 et
406 1574 604 1665 Epicurea3
623 1575 736 1643 altera
755 1573 905 1662 quidem
920 1574 1105 1662 asperior,
1126 1572 1359 1642 tortioribus-

248 1708 322 1780 que
339 1690 469 1760 idonea
496 1689 657 1770 civibus,
682 1688 747 1776 qui
773 1707 1009 1758 communem
1038 1709 1150 1778 supra
1176 1687 1359 1776 ignaviam

251 1823 440 1891 emergere
469 1814 713 1884 conarentur;
739 1803 930 1872 remissior
957 1823 1041 1874 vero
1072 1804 1209 1886 altera,
1239 1803 1359 1892 iisque

252 1917 375 2005 potius
409 1918 705 2000 accommodata,
733 1917 869 2006 quibus
906 1918 1025 1986 otium
1056 1938 1098 1987 ac
1134 1918 1360 2005 voluptatem

252 2031 376 2120 aliqua
389 2033 576 2122 sapientiae
592 2031 700 2102 laude
717 2032 814 2101 tueri
831 2033 1001 2121 placeret.
1021 2032 1133 2115 Nam,
1154 2051 1240 2103 cum
1258 2031 1362 2100 nulla

251 2148 496 2238 cupiditatum
516 2169 601 2219 cum
625 2149 768 2219 ratione
799 2148 995 2218 concordia
1017 2148 1056 2216 in
1082 2148 1230 2218 bomine
1259 2147 1361 2217 intus

253 2271 350 2331 stare
376 2282 481 2352 posse
520 2264 699 2346 videatur,
720 2265 874 2333 alteram
911 2283 952 2331 ex
983 2262 1063 2333 istis
1086 2263 1222 2353 quibus
1249 2262 1362 2329 bomo

253 2375 472 2446 distrahitur
508 2380 647 2460 rebuS‚
676 2380 831 2448 omnino
859 2378 1059 2448 tollendam
1093 2397 1172 2446 esse
1205 2387 1362 2466 utraque

253 2499 353 2561 secta
371 2492 610 2582 praedicabat;
629 2503 666 2562 at
681 2492 793 2563 Stoici
811 2493 962 2582 quidem
981 2512 1110 2562 omnes
1127 2492 1243 2561 animi
1257 2492 1361 2561 affec-

252 2613 313 2674 tus
327 2607 503 2677 radicitus
516 2609 621 2677 evelli
636 2608 834 2697 jubebant,
851 2617 892 2678 ut
902 2607 1054 2678 liberius
1064 2609 1174 2678 homo
1189 2607 1362 2677 virtutem

255 2731 568 2810 consequeretur;
597 2724 685 2793 dum
709 2722 898 2811 Epicureis
923 2730 1052 2791 contra
1078 2742 1116 2790 se
1141 2722 1284 2791 ratione
1302 2721 1363 2790 ab

256 2834 378 2904 dicare
405 2836 526 2926 potius
552 2836 735 2926 placebat,
753 2847 796 2907 nt
821 2837 1087 2925 voluptatibus,
1116 2857 1157 2906 re
1180 2837 1281 2905 nulla
1303 2856 1364 2906 re-

256 2949 439 3034 luctante,
465 2952 697 3021 inservirent.
729 2951 800 3021 Sua
824 2953 876 3023 sic
908 2952 1055 3041 utrique
1079 2951 1363 3040 intemperantia

256 3066 355 3135 ultra
373 3067 563 3138 veritatem
582 3088 624 3137 ac
643 3076 813 3136 naturam
830 3067 1086 3137 efferebantur.
1099 3067 1364 3139 —Prudentio-

258 3199 318 3250 res
341 3194 465 3251 autem
491 3183 698 3251 Academici
725 3183 1050 3271 Peripateticique,
1076 3201 1161 3251 cum
1192 3193 1364 3253 naturam

257 3296 309 3364 ita
336 3296 544 3365 defraudari
565 3315 670 3386 posse
696 3309 892 3384 negarent,
913 3299 1111 3386 perlectam
1133 3297 1308 3369 virtutem
1326 3299 1364 3367 in

255 3410 417 3500 quadum
432 3411 599 3480 omnium
618 3430 743 3481 rerum
763 3412 1013 3481 moderatione
1029 3412 1167 3481 rectius
1186 3432 1361 3502 posuere:

255 3523 322 3595 sed
352 3544 544 3614 nunquam
570 3526 658 3595 satis
684 3526 837 3596 delinire
865 3535 1060 3617 poterant,
1090 3527 1225 3615 quibus
1256 3529 1365 3597 certis

260 3636 396 3707 tinibus
425 3638 607 3707 rationem
655 3640 958 3728 cupiditatesque.
992 3640 1091 3709 inter
1125 3660 1163 3709 se
1193 3642 1366 3729 componi

261 3771 410 3841 aequum
424 3761 536 3835 esset3
551 3754 750 3843 omniaque
765 3756 802 3822 in
815 3754 928 3823 dubio
946 3755 1185 3843 reliquerant,
1197 3755 1365 3824 eximiam

262 3884 350 3935 sane
371 3868 661 3936 declamantibus
677 3869 897 3956 eloquentiae
916 3869 1119 3938 materiam.

313 3982 365 4050 De
382 3981 516 4071 quibus
533 4001 617 4051 vero
634 3982 789 4070 singulis
809 3983 1048 4072 philosophiae
1063 3983 1171 4052 sectis
1189 3984 1368 4053 nonnulla

266 4095 381 4165 fusius
397 4096 575 4165 disserere
596 4115 689 4184 opus
706 4104 773 4165 est.

315 4207 1368 4301 l.NullaquidemRomaepluresdiscipulosadseductrina,
