<?xml version="1.0" encoding="UTF-8"?>
<!DOCTYPE html PUBLIC "-//W3C//DTD XHTML 1.0 Transitional//EN"
    "http://www.w3.org/TR/xhtml1/DTD/xhtml1-transitional.dtd">
<html xmlns="http://www.w3.org/1999/xhtml" xml:lang="en" lang="en">
 <head>
  <title>
</title>
<meta http-equiv="Content-Type" content="text/html;charset=utf-8" />
  <meta name='ocr-system' content='tesseract 3.04.00' />
  <meta name='ocr-capabilities' content='ocr_page ocr_carea ocr_par ocr_line ocrx_word'/>
</head>
<body>
  <div class='ocr_page' id='page_1' title='image "./historicademtci00benogoog_0086.png"; bbox 0 0 2984 4750; ppageno 0'>
   <div class='ocr_carea' id='block_1_1' title="bbox 698 240 894 319">
    <p class='ocr_par' dir='ltr' id='par_1_1' title="bbox 698 240 894 319">
     <span class='ocr_line' id='line_1_1' title="bbox 698 240 894 319; baseline -0.015 -23"><span class='ocrx_word' id='word_1_1' title='bbox 698 240 894 319; x_wconf 67' lang='lat' dir='ltr'>..5p„..</span> 
     </span>
    </p>
   </div>
   <div class='ocr_carea' id='block_1_2' title="bbox 246 407 1357 597">
    <p class='ocr_par' dir='ltr' id='par_1_2' title="bbox 246 407 1357 597">
     <span class='ocr_line' id='line_1_2' title="bbox 246 407 1357 499; baseline 0.005 -20"><span class='ocrx_word' id='word_1_2' title='bbox 246 407 414 497; x_wconf 78' lang='lat' dir='ltr'>-Quam</span> <span class='ocrx_word' id='word_1_3' title='bbox 434 408 614 480; x_wconf 85' lang='lat' dir='ltr'>doctrinae</span> <span class='ocrx_word' id='word_1_4' title='bbox 631 407 896 480; x_wconf 81' lang='lat' dir='ltr'>sublimitatem</span> <span class='ocrx_word' id='word_1_5' title='bbox 908 428 973 499; x_wconf 87' lang='lat' dir='ltr'>per</span> <span class='ocrx_word' id='word_1_6' title='bbox 983 419 1097 481; x_wconf 91' lang='lat' dir='ltr'>totam</span> <span class='ocrx_word' id='word_1_7' title='bbox 1110 410 1222 483; x_wconf 88' lang='lat' dir='ltr'>vitam</span> <span class='ocrx_word' id='word_1_8' title='bbox 1234 412 1357 486; x_wconf 89' lang='lat' dir='ltr'>tenuit</span> 
     </span>
     <span class='ocr_line' id='line_1_3' title="bbox 246 522 346 597; baseline -0.05 0"><span class='ocrx_word' id='word_1_9' title='bbox 246 522 346 597; x_wconf 85' lang='lat' dir='ltr'>Cato.</span> 
     </span>
    </p>
   </div>
   <div class='ocr_carea' id='block_1_3' title="bbox 462 634 1135 942">
    <p class='ocr_par' dir='ltr' id='par_1_3' title="bbox 462 634 1135 942">
     <span class='ocr_line' id='line_1_4' title="bbox 530 634 1027 697; baseline 0 -11"><span class='ocrx_word' id='word_1_10' title='bbox 530 634 558 686; x_wconf 85' lang='lat' dir='ltr'>tlt</span> <span class='ocrx_word' id='word_1_11' title='bbox 572 647 665 697; x_wconf 84' lang='lat' dir='ltr'>mores,</span> <span class='ocrx_word' id='word_1_12' title='bbox 679 634 731 685; x_wconf 76' lang='lat' dir='ltr'>liae</span> <span class='ocrx_word' id='word_1_13' title='bbox 742 635 797 685; x_wconf 89' lang='lat' dir='ltr'>durl</span> <span class='ocrx_word' id='word_1_14' title='bbox 809 638 912 687; x_wconf 86' lang='lat' dir='ltr'>immota</span> <span class='ocrx_word' id='word_1_15' title='bbox 925 638 1027 687; x_wconf 67' lang='lat' dir='ltr'>(tatonis</span> 
     </span>
     <span class='ocr_line' id='line_1_5' title="bbox 463 712 1087 777; baseline -0.008 -8"><span class='ocrx_word' id='word_1_16' title='bbox 463 718 532 769; x_wconf 81' lang='lat' dir='ltr'>secu</span> <span class='ocrx_word' id='word_1_17' title='bbox 548 714 607 774; x_wconf 78' lang='lat' dir='ltr'>iult,</span> <span class='ocrx_word' id='word_1_18' title='bbox 625 725 722 763; x_wconf 83' lang='lat' dir='ltr'>servare</span> <span class='ocrx_word' id='word_1_19' title='bbox 736 714 838 763; x_wconf 90' lang='lat' dir='ltr'>modum</span> <span class='ocrx_word' id='word_1_20' title='bbox 851 712 976 777; x_wconf 76' lang='lat' dir='ltr'>docuique</span> <span class='ocrx_word' id='word_1_21' title='bbox 988 722 1087 774; x_wconf 83' lang='lat' dir='ltr'>tenere,</span> 
     </span>
     <span class='ocr_line' id='line_1_6' title="bbox 462 795 1135 859; baseline 0.003 -14"><span class='ocrx_word' id='word_1_22' title='bbox 462 795 630 858; x_wconf 73' lang='lat' dir='ltr'><strong>Naturamque</strong></span> <span class='ocrx_word' id='word_1_23' title='bbox 640 797 710 857; x_wconf 81' lang='lat' dir='ltr'>sequi</span> <span class='ocrx_word' id='word_1_24' title='bbox 721 830 728 853; x_wconf 90' lang='lat'>,</span> <span class='ocrx_word' id='word_1_25' title='bbox 741 797 876 857; x_wconf 76' lang='lat' dir='ltr'>patriaque</span> <span class='ocrx_word' id='word_1_26' title='bbox 887 796 1029 859; x_wconf 81' lang='lat' dir='ltr'>impendero</span> <span class='ocrx_word' id='word_1_27' title='bbox 1043 800 1135 854; x_wconf 81' lang='lat' dir='ltr'>altam,</span> 
     </span>
     <span class='ocr_line' id='line_1_7' title="bbox 463 872 1135 942; baseline 0.001 -18"><span class='ocrx_word' id='word_1_28' title='bbox 463 874 511 925; x_wconf 82' lang='lat' dir='ltr'>Neo</span> <span class='ocrx_word' id='word_1_29' title='bbox 522 873 578 933; x_wconf 87' lang='lat' dir='ltr'>slbl,</span> <span class='ocrx_word' id='word_1_30' title='bbox 594 872 637 925; x_wconf 82' lang='lat' dir='ltr'>ted</span> <span class='ocrx_word' id='word_1_31' title='bbox 647 875 690 923; x_wconf 89' lang='lat' dir='ltr'>totl</span> <span class='ocrx_word' id='word_1_32' title='bbox 709 875 821 937; x_wconf 71' lang='lat' dir='ltr'>genuum</span> <span class='ocrx_word' id='word_1_33' title='bbox 832 887 858 925; x_wconf 87' lang='lat' dir='ltr'>se</span> <span class='ocrx_word' id='word_1_34' title='bbox 869 875 968 926; x_wconf 84' lang='lat' dir='ltr'>credere</span> <span class='ocrx_word' id='word_1_35' title='bbox 979 877 1075 927; x_wconf 89' lang='lat' dir='ltr'>mundo</span> <span class='ocrx_word' id='word_1_36' title='bbox 1091 876 1135 942; x_wconf 86' lang='lat' dir='ltr'>(r).</span> 
     </span>
    </p>
   </div>
   <div class='ocr_carea' id='block_1_4' title="bbox 233 1045 1368 4022">
    <p class='ocr_par' dir='ltr' id='par_1_4' title="bbox 233 1045 1368 4022">
     <span class='ocr_line' id='line_1_8' title="bbox 297 1045 1359 1138; baseline 0.002 -21"><span class='ocrx_word' id='word_1_37' title='bbox 297 1046 486 1138; x_wconf 87' lang='lat' dir='ltr'>Nusquam</span> <span class='ocrx_word' id='word_1_38' title='bbox 496 1045 659 1137; x_wconf 84' lang='lat' dir='ltr'>proiecto</span> <span class='ocrx_word' id='word_1_39' title='bbox 672 1065 753 1116; x_wconf 89' lang='lat' dir='ltr'>eam</span> <span class='ocrx_word' id='word_1_40' title='bbox 766 1046 937 1116; x_wconf 83' lang='lat' dir='ltr'>bumanae</span> <span class='ocrx_word' id='word_1_41' title='bbox 947 1048 1359 1138; x_wconf 78' lang='lat' dir='ltr'>societatisopi‘nionans</span> 
     </span>
     <span class='ocr_line' id='line_1_9' title="bbox 247 1159 1355 1254; baseline -0.001 -21"><span class='ocrx_word' id='word_1_42' title='bbox 247 1161 382 1233; x_wconf 86' lang='lat' dir='ltr'>elarius</span> <span class='ocrx_word' id='word_1_43' title='bbox 397 1179 604 1250; x_wconf 83' lang='lat' dir='ltr'>expressam</span> <span class='ocrx_word' id='word_1_44' title='bbox 619 1159 784 1231; x_wconf 82' lang='lat' dir='ltr'><strong>invenias</strong></span> <span class='ocrx_word' id='word_1_45' title='bbox 797 1182 805 1230; x_wconf 91' lang='lat'><strong>:</strong></span> <span class='ocrx_word' id='word_1_46' title='bbox 818 1161 848 1231; x_wconf 91' lang='lat' dir='ltr'>si</span> <span class='ocrx_word' id='word_1_47' title='bbox 857 1162 935 1251; x_wconf 86' lang='lat' dir='ltr'>jam</span> <span class='ocrx_word' id='word_1_48' title='bbox 947 1182 1033 1233; x_wconf 88' lang='lat' dir='ltr'>vero</span> <span class='ocrx_word' id='word_1_49' title='bbox 1046 1163 1250 1253; x_wconf 74' lang='lat' dir='ltr'>quaesieris,</span> <span class='ocrx_word' id='word_1_50' title='bbox 1265 1164 1355 1254; x_wconf 90' lang='lat' dir='ltr'>quid</span> 
     </span>
     <span class='ocr_line' id='line_1_10' title="bbox 246 1274 1358 1369; baseline 0 -23"><span class='ocrx_word' id='word_1_51' title='bbox 246 1275 332 1347; x_wconf 89' lang='lat' dir='ltr'>inde</span> <span class='ocrx_word' id='word_1_52' title='bbox 345 1274 391 1347; x_wconf 93' lang='lat' dir='ltr'>ad</span> <span class='ocrx_word' id='word_1_53' title='bbox 407 1294 518 1347; x_wconf 89' lang='lat' dir='ltr'>usum</span> <span class='ocrx_word' id='word_1_54' title='bbox 533 1275 615 1347; x_wconf 84' lang='lat' dir='ltr'>vitae</span> <span class='ocrx_word' id='word_1_55' title='bbox 629 1274 756 1347; x_wconf 83' lang='lat' dir='ltr'>Cicero</span> <span class='ocrx_word' id='word_1_56' title='bbox 771 1277 1056 1368; x_wconf 83' lang='lat' dir='ltr'>exprompserit‚</span> <span class='ocrx_word' id='word_1_57' title='bbox 1073 1287 1154 1349; x_wconf 91' lang='lat' dir='ltr'>tum</span> <span class='ocrx_word' id='word_1_58' title='bbox 1166 1278 1358 1369; x_wconf 80' lang='lat' dir='ltr'>apparebit</span> 
     </span>
     <span class='ocr_line' id='line_1_11' title="bbox 247 1390 1357 1482; baseline -0.001 -20"><span class='ocrx_word' id='word_1_59' title='bbox 247 1391 461 1463; x_wconf 81' lang='lat' dir='ltr'>universum</span> <span class='ocrx_word' id='word_1_60' title='bbox 474 1390 566 1463; x_wconf 90' lang='lat' dir='ltr'>illud</span> <span class='ocrx_word' id='word_1_61' title='bbox 581 1391 742 1482; x_wconf 72' lang='lat' dir='ltr'>antiquae</span> <span class='ocrx_word' id='word_1_62' title='bbox 756 1391 932 1462; x_wconf 87' lang='lat' dir='ltr'>doctrinae</span> <span class='ocrx_word' id='word_1_63' title='bbox 944 1392 1087 1475; x_wconf 91' lang='lat' dir='ltr'>vitium,</span> <span class='ocrx_word' id='word_1_64' title='bbox 1102 1393 1276 1463; x_wconf 82' lang='lat' dir='ltr'>sterilitas</span> <span class='ocrx_word' id='word_1_65' title='bbox 1289 1393 1357 1462; x_wconf 88' lang='lat' dir='ltr'>sci·</span> 
     </span>
     <span class='ocr_line' id='line_1_12' title="bbox 247 1506 1358 1599; baseline -0.001 -20"><span class='ocrx_word' id='word_1_66' title='bbox 247 1507 452 1598; x_wconf 85' lang='lat' dir='ltr'>licetatque</span> <span class='ocrx_word' id='word_1_67' title='bbox 463 1506 501 1577; x_wconf 90' lang='lat' dir='ltr'>in</span> <span class='ocrx_word' id='word_1_68' title='bbox 513 1507 654 1597; x_wconf 77' lang='lat' dir='ltr'>agendo</span> <span class='ocrx_word' id='word_1_69' title='bbox 667 1507 913 1578; x_wconf 83' lang='lat' dir='ltr'>imbecillitas.</span> <span class='ocrx_word' id='word_1_70' title='bbox 932 1506 1159 1594; x_wconf 87' lang='lat' dir='ltr'>Quamenim</span> <span class='ocrx_word' id='word_1_71' title='bbox 1174 1509 1358 1599; x_wconf 89' lang='lat' dir='ltr'>sapientes</span> 
     </span>
     <span class='ocr_line' id='line_1_13' title="bbox 248 1622 1358 1713; baseline 0.003 -24"><span class='ocrx_word' id='word_1_72' title='bbox 248 1623 438 1693; x_wconf 86' lang='lat' dir='ltr'>veritatem</span> <span class='ocrx_word' id='word_1_73' title='bbox 453 1623 489 1692; x_wconf 80' lang='lat' dir='ltr'>ui</span> <span class='ocrx_word' id='word_1_74' title='bbox 507 1622 661 1694; x_wconf 86' lang='lat' dir='ltr'>rationis</span> <span class='ocrx_word' id='word_1_75' title='bbox 678 1641 774 1713; x_wconf 79' lang='lat' dir='ltr'>soepe</span> <span class='ocrx_word' id='word_1_76' title='bbox 793 1631 1065 1713; x_wconf 78' lang='lat' dir='ltr'>perspexerant,</span> <span class='ocrx_word' id='word_1_77' title='bbox 1085 1642 1167 1693; x_wconf 91' lang='lat' dir='ltr'>eam</span> <span class='ocrx_word' id='word_1_78' title='bbox 1184 1623 1358 1694; x_wconf 90' lang='lat' dir='ltr'>inutilem</span> 
     </span>
     <span class='ocr_line' id='line_1_14' title="bbox 244 1737 1359 1831; baseline -0.002 -22"><span class='ocrx_word' id='word_1_79' title='bbox 244 1739 403 1831; x_wconf 84' lang='lat' dir='ltr'>jacuisse</span> <span class='ocrx_word' id='word_1_80' title='bbox 425 1738 579 1822; x_wconf 82' lang='lat' dir='ltr'>dixeris,</span> <span class='ocrx_word' id='word_1_81' title='bbox 608 1739 724 1809; x_wconf 89' lang='lat' dir='ltr'>donec</span> <span class='ocrx_word' id='word_1_82' title='bbox 747 1739 917 1827; x_wconf 81' lang='lat' dir='ltr'>ignavam</span> <span class='ocrx_word' id='word_1_83' title='bbox 939 1737 1107 1810; x_wconf 88' lang='lat' dir='ltr'>Christus</span> <span class='ocrx_word' id='word_1_84' title='bbox 1126 1739 1251 1808; x_wconf 91' lang='lat' dir='ltr'>divino</span> <span class='ocrx_word' id='word_1_85' title='bbox 1269 1759 1359 1829; x_wconf 93' lang='lat' dir='ltr'>quo-</span> 
     </span>
     <span class='ocr_line' id='line_1_15' title="bbox 247 1853 1357 1944; baseline -0.002 -21"><span class='ocrx_word' id='word_1_86' title='bbox 247 1854 332 1924; x_wconf 90' lang='lat' dir='ltr'>dam</span> <span class='ocrx_word' id='word_1_87' title='bbox 353 1854 485 1944; x_wconf 88' lang='lat' dir='ltr'>spiritu</span> <span class='ocrx_word' id='word_1_88' title='bbox 507 1855 719 1935; x_wconf 66' lang='lat' dir='ltr'>suscitarem</span> <span class='ocrx_word' id='word_1_89' title='bbox 735 1861 773 1924; x_wconf 89' lang='lat' dir='ltr'>et</span> <span class='ocrx_word' id='word_1_90' title='bbox 791 1853 836 1923; x_wconf 90' lang='lat' dir='ltr'>ab</span> <span class='ocrx_word' id='word_1_91' title='bbox 854 1854 969 1924; x_wconf 90' lang='lat' dir='ltr'>otiosa</span> <span class='ocrx_word' id='word_1_92' title='bbox 987 1853 1298 1943; x_wconf 87' lang='lat' dir='ltr'>contemplatione</span> <span class='ocrx_word' id='word_1_93' title='bbox 1318 1854 1357 1922; x_wconf 91' lang='lat' dir='ltr'>in</span> 
     </span>
     <span class='ocr_line' id='line_1_16' title="bbox 248 1968 1360 2060; baseline -0.002 -21"><span class='ocrx_word' id='word_1_94' title='bbox 248 1970 415 2042; x_wconf 84' lang='lat' dir='ltr'>vitamet</span> <span class='ocrx_word' id='word_1_95' title='bbox 440 1988 562 2040; x_wconf 89' lang='lat' dir='ltr'>mores</span> <span class='ocrx_word' id='word_1_96' title='bbox 587 1968 942 2056; x_wconf 80' lang='lat' dir='ltr'>devocaret-Quid</span> <span class='ocrx_word' id='word_1_97' title='bbox 963 1970 1118 2060; x_wconf 85' lang='lat' dir='ltr'>proluit,</span> <span class='ocrx_word' id='word_1_98' title='bbox 1140 1968 1239 2059; x_wconf 89' lang='lat' dir='ltr'>quod</span> <span class='ocrx_word' id='word_1_99' title='bbox 1267 1970 1360 2039; x_wconf 90' lang='lat' dir='ltr'>adeo</span> 
     </span>
     <span class='ocr_line' id='line_1_17' title="bbox 248 2083 1361 2177; baseline -0.003 -19"><span class='ocrx_word' id='word_1_100' title='bbox 248 2086 440 2177; x_wconf 79' lang='lat' dir='ltr'>magnilica</span> <span class='ocrx_word' id='word_1_101' title='bbox 458 2085 502 2156; x_wconf 93' lang='lat' dir='ltr'>de</span> <span class='ocrx_word' id='word_1_102' title='bbox 516 2084 639 2157; x_wconf 88' lang='lat' dir='ltr'>divino</span> <span class='ocrx_word' id='word_1_103' title='bbox 655 2085 718 2155; x_wconf 93' lang='lat' dir='ltr'>illo</span> <span class='ocrx_word' id='word_1_104' title='bbox 735 2084 929 2156; x_wconf 90' lang='lat' dir='ltr'>bominum</span> <span class='ocrx_word' id='word_1_105' title='bbox 948 2085 1132 2155; x_wconf 90' lang='lat' dir='ltr'>consortio</span> <span class='ocrx_word' id='word_1_106' title='bbox 1150 2083 1277 2154; x_wconf 86' lang='lat' dir='ltr'>Cicero</span> <span class='ocrx_word' id='word_1_107' title='bbox 1288 2085 1361 2155; x_wconf 91' lang='lat' dir='ltr'>dis-</span> 
     </span>
     <span class='ocr_line' id='line_1_18' title="bbox 249 2199 1359 2293; baseline -0.003 -20"><span class='ocrx_word' id='word_1_108' title='bbox 249 2210 430 2293; x_wconf 85' lang='lat' dir='ltr'>putasset,</span> <span class='ocrx_word' id='word_1_109' title='bbox 447 2201 478 2271; x_wconf 92' lang='lat' dir='ltr'>si</span> <span class='ocrx_word' id='word_1_110' title='bbox 504 2200 592 2290; x_wconf 90' lang='lat' dir='ltr'>quid</span> <span class='ocrx_word' id='word_1_111' title='bbox 618 2220 660 2271; x_wconf 82' lang='lat' dir='ltr'>er</span> <span class='ocrx_word' id='word_1_112' title='bbox 682 2201 752 2270; x_wconf 90' lang='lat' dir='ltr'>boc</span> <span class='ocrx_word' id='word_1_113' title='bbox 769 2200 955 2290; x_wconf 82' lang='lat' dir='ltr'>proposito</span> <span class='ocrx_word' id='word_1_114' title='bbox 973 2210 1208 2289; x_wconf 87' lang='lat' dir='ltr'>sequeretur,</span> <span class='ocrx_word' id='word_1_115' title='bbox 1225 2199 1359 2289; x_wconf 82' lang='lat' dir='ltr'>quidve</span> 
     </span>
     <span class='ocr_line' id='line_1_19' title="bbox 252 2314 1363 2408; baseline -0.005 -19"><span class='ocrx_word' id='word_1_116' title='bbox 252 2316 455 2408; x_wconf 78' lang='lat' dir='ltr'>praesertim</span> <span class='ocrx_word' id='word_1_117' title='bbox 464 2314 845 2406; x_wconf 85' lang='lat' dir='ltr'>deiniquaservorum</span> <span class='ocrx_word' id='word_1_118' title='bbox 854 2314 1064 2386; x_wconf 90' lang='lat' dir='ltr'>conditione</span> <span class='ocrx_word' id='word_1_119' title='bbox 1073 2314 1363 2392; x_wconf 85' lang='lat' dir='ltr'>existimandum</span> 
     </span>
     <span class='ocr_line' id='line_1_20' title="bbox 249 2429 1360 2519; baseline -0.006 -13"><span class='ocrx_word' id='word_1_120' title='bbox 249 2443 362 2517; x_wconf 91' lang='lat' dir='ltr'>esset,</span> <span class='ocrx_word' id='word_1_121' title='bbox 391 2441 456 2502; x_wconf 93' lang='lat' dir='ltr'>aut</span> <span class='ocrx_word' id='word_1_122' title='bbox 481 2432 633 2502; x_wconf 89' lang='lat' dir='ltr'>omnino</span> <span class='ocrx_word' id='word_1_123' title='bbox 655 2450 730 2500; x_wconf 87' lang='lat' dir='ltr'>non</span> <span class='ocrx_word' id='word_1_124' title='bbox 759 2429 908 2512; x_wconf 88' lang='lat' dir='ltr'>viderit,</span> <span class='ocrx_word' id='word_1_125' title='bbox 936 2441 1001 2500; x_wconf 90' lang='lat' dir='ltr'>aut</span> <span class='ocrx_word' id='word_1_126' title='bbox 1022 2449 1153 2519; x_wconf 84' lang='lat' dir='ltr'>cogere</span> <span class='ocrx_word' id='word_1_127' title='bbox 1172 2430 1360 2500; x_wconf 77' lang='lat' dir='ltr'>noluerit?</span> 
     </span>
     <span class='ocr_line' id='line_1_21' title="bbox 233 2544 1361 2639; baseline -0.003 -23"><span class='ocrx_word' id='word_1_128' title='bbox 233 2547 441 2639; x_wconf 71' lang='lat' dir='ltr'>‚Nusquam</span> <span class='ocrx_word' id='word_1_129' title='bbox 458 2547 577 2629; x_wconf 84' lang='lat' dir='ltr'>enim,</span> <span class='ocrx_word' id='word_1_130' title='bbox 608 2546 756 2616; x_wconf 89' lang='lat' dir='ltr'>eumad</span> <span class='ocrx_word' id='word_1_131' title='bbox 779 2564 887 2616; x_wconf 91' lang='lat' dir='ltr'>usum</span> <span class='ocrx_word' id='word_1_132' title='bbox 908 2546 1028 2628; x_wconf 88' lang='lat' dir='ltr'>venit,</span> <span class='ocrx_word' id='word_1_133' title='bbox 1058 2545 1157 2614; x_wconf 92' lang='lat' dir='ltr'>idem</span> <span class='ocrx_word' id='word_1_134' title='bbox 1174 2544 1361 2615; x_wconf 86' lang='lat' dir='ltr'>dubitasse</span> 
     </span>
     <span class='ocr_line' id='line_1_22' title="bbox 252 2658 1362 2752; baseline -0.002 -23"><span class='ocrx_word' id='word_1_135' title='bbox 252 2662 415 2745; x_wconf 90' lang='lat' dir='ltr'>videtur,</span> <span class='ocrx_word' id='word_1_136' title='bbox 442 2663 531 2751; x_wconf 89' lang='lat' dir='ltr'>quin</span> <span class='ocrx_word' id='word_1_137' title='bbox 555 2662 639 2752; x_wconf 86' lang='lat' dir='ltr'>jure</span> <span class='ocrx_word' id='word_1_138' title='bbox 658 2680 741 2750; x_wconf 90' lang='lat' dir='ltr'>pars</span> <span class='ocrx_word' id='word_1_139' title='bbox 760 2659 955 2731; x_wconf 91' lang='lat' dir='ltr'>bominum</span> <span class='ocrx_word' id='word_1_140' title='bbox 974 2658 1019 2728; x_wconf 93' lang='lat' dir='ltr'>ab</span> <span class='ocrx_word' id='word_1_141' title='bbox 1041 2659 1156 2728; x_wconf 87' lang='lat' dir='ltr'>altera</span> <span class='ocrx_word' id='word_1_142' title='bbox 1174 2669 1278 2748; x_wconf 90' lang='lat' dir='ltr'>parte</span> <span class='ocrx_word' id='word_1_143' title='bbox 1297 2679 1362 2748; x_wconf 88' lang='lat' dir='ltr'>pe-</span> 
     </span>
     <span class='ocr_line' id='line_1_23' title="bbox 251 2772 1362 2869; baseline -0.007 -21"><span class='ocrx_word' id='word_1_144' title='bbox 251 2776 407 2848; x_wconf 90' lang='lat' dir='ltr'>cudibus</span> <span class='ocrx_word' id='word_1_145' title='bbox 423 2784 678 2865; x_wconf 76' lang='lat' dir='ltr'>exaequaretur</span> <span class='ocrx_word' id='word_1_146' title='bbox 694 2773 781 2869; x_wconf 83' lang='lat' dir='ltr'>(bes</span> <span class='ocrx_word' id='word_1_147' title='bbox 793 2772 960 2862; x_wconf 80' lang='lat' dir='ltr'>Aquilia).</span> <span class='ocrx_word' id='word_1_148' title='bbox 982 2772 1075 2841; x_wconf 87' lang='lat' dir='ltr'>Dum</span> <span class='ocrx_word' id='word_1_149' title='bbox 1091 2772 1260 2844; x_wconf 80' lang='lat' dir='ltr'>Christus</span> <span class='ocrx_word' id='word_1_150' title='bbox 1276 2791 1362 2843; x_wconf 91' lang='lat' dir='ltr'>con-</span> 
     </span>
     <span class='ocr_line' id='line_1_24' title="bbox 252 2887 1362 2980; baseline -0.006 -15"><span class='ocrx_word' id='word_1_151' title='bbox 252 2903 308 2966; x_wconf 93' lang='lat' dir='ltr'>tra</span> <span class='ocrx_word' id='word_1_152' title='bbox 324 2910 407 2962; x_wconf 86' lang='lat' dir='ltr'>mox</span> <span class='ocrx_word' id='word_1_153' title='bbox 426 2909 604 2980; x_wconf 89' lang='lat' dir='ltr'>pauperes</span> <span class='ocrx_word' id='word_1_154' title='bbox 623 2910 665 2959; x_wconf 94' lang='lat' dir='ltr'>ac</span> <span class='ocrx_word' id='word_1_155' title='bbox 679 2908 802 2961; x_wconf 87' lang='lat' dir='ltr'>servos</span> <span class='ocrx_word' id='word_1_156' title='bbox 819 2907 891 2977; x_wconf 90' lang='lat' dir='ltr'>pro</span> <span class='ocrx_word' id='word_1_157' title='bbox 908 2888 971 2957; x_wconf 87' lang='lat' dir='ltr'>Dei</span> <span class='ocrx_word' id='word_1_158' title='bbox 986 2887 1072 2957; x_wconf 84' lang='lat' dir='ltr'>liliis</span> <span class='ocrx_word' id='word_1_159' title='bbox 1085 2887 1362 2958; x_wconf 87' lang='lat' dir='ltr'>babendosessc</span> 
     </span>
     <span class='ocr_line' id='line_1_25' title="bbox 251 3002 1363 3089; baseline -0.007 -10"><span class='ocrx_word' id='word_1_160' title='bbox 251 3005 416 3089; x_wconf 86' lang='lat' dir='ltr'>docebit,</span> <span class='ocrx_word' id='word_1_161' title='bbox 431 3025 493 3077; x_wconf 92' lang='lat' dir='ltr'>eos</span> <span class='ocrx_word' id='word_1_162' title='bbox 508 3004 635 3078; x_wconf 85' lang='lat' dir='ltr'>Cicero</span> <span class='ocrx_word' id='word_1_163' title='bbox 652 3004 709 3074; x_wconf 82' lang='lat' dir='ltr'>vix</span> <span class='ocrx_word' id='word_1_164' title='bbox 722 3003 893 3075; x_wconf 89' lang='lat' dir='ltr'>meminit</span> <span class='ocrx_word' id='word_1_165' title='bbox 907 3004 1074 3073; x_wconf 91' lang='lat' dir='ltr'>homines</span> <span class='ocrx_word' id='word_1_166' title='bbox 1084 3020 1175 3072; x_wconf 87' lang='lat' dir='ltr'>esse.</span> <span class='ocrx_word' id='word_1_167' title='bbox 1189 3002 1262 3072; x_wconf 92' lang='lat' dir='ltr'>Nec</span> <span class='ocrx_word' id='word_1_168' title='bbox 1274 3005 1363 3072; x_wconf 87' lang='lat' dir='ltr'>satis</span> 
     </span>
     <span class='ocr_line' id='line_1_26' title="bbox 252 3117 1361 3207; baseline -0.008 -13"><span class='ocrx_word' id='word_1_169' title='bbox 252 3131 393 3194; x_wconf 90' lang='lat' dir='ltr'>tantam</span> <span class='ocrx_word' id='word_1_170' title='bbox 409 3121 611 3194; x_wconf 86' lang='lat' dir='ltr'>disserendi</span> <span class='ocrx_word' id='word_1_171' title='bbox 635 3121 901 3194; x_wconf 88' lang='lat' dir='ltr'>sublimitatem</span> <span class='ocrx_word' id='word_1_172' title='bbox 926 3137 1013 3188; x_wconf 90' lang='lat' dir='ltr'>cum</span> <span class='ocrx_word' id='word_1_173' title='bbox 1038 3117 1240 3207; x_wconf 85' lang='lat' dir='ltr'>asperrima</span> <span class='ocrx_word' id='word_1_174' title='bbox 1261 3137 1304 3186; x_wconf 90' lang='lat' dir='ltr'>ea</span> <span class='ocrx_word' id='word_1_175' title='bbox 1321 3118 1361 3185; x_wconf 89' lang='lat' dir='ltr'>in</span> 
     </span>
     <span class='ocr_line' id='line_1_27' title="bbox 253 3232 1359 3329; baseline -0.009 -18"><span class='ocrx_word' id='word_1_176' title='bbox 253 3236 567 3329; x_wconf 80' lang='lat' dir='ltr'>agendosooordia</span> <span class='ocrx_word' id='word_1_177' title='bbox 578 3256 650 3308; x_wconf 88' lang='lat' dir='ltr'>una</span> <span class='ocrx_word' id='word_1_178' title='bbox 662 3237 701 3306; x_wconf 90' lang='lat' dir='ltr'>iu</span> <span class='ocrx_word' id='word_1_179' title='bbox 719 3234 850 3306; x_wconf 88' lang='lat' dir='ltr'>eodem</span> <span class='ocrx_word' id='word_1_180' title='bbox 858 3233 1008 3310; x_wconf 84' lang='lat' dir='ltr'>bomine</span> <span class='ocrx_word' id='word_1_181' title='bbox 1020 3232 1217 3303; x_wconf 87' lang='lat' dir='ltr'>conciliare</span> <span class='ocrx_word' id='word_1_182' title='bbox 1228 3232 1359 3301; x_wconf 87' lang='lat' dir='ltr'>valeas.</span> 
     </span>
     <span class='ocr_line' id='line_1_28' title="bbox 254 3346 1364 3443; baseline -0.006 -18"><span class='ocrx_word' id='word_1_183' title='bbox 254 3353 414 3425; x_wconf 89' lang='lat' dir='ltr'>-Nam</span> <span class='ocrx_word' id='word_1_184' title='bbox 436 3370 532 3443; x_wconf 81' lang='lat' dir='ltr'>saepe</span> <span class='ocrx_word' id='word_1_185' title='bbox 557 3351 712 3441; x_wconf 73' lang='lat' dir='ltr'>questio</span> <span class='ocrx_word' id='word_1_186' title='bbox 734 3348 943 3422; x_wconf 89' lang='lat' dir='ltr'>istiusmodi</span> <span class='ocrx_word' id='word_1_187' title='bbox 965 3349 1007 3419; x_wconf 89' lang='lat' dir='ltr'>in</span> <span class='ocrx_word' id='word_1_188' title='bbox 1027 3346 1236 3419; x_wconf 89' lang='lat' dir='ltr'>Stoicorum</span> <span class='ocrx_word' id='word_1_189' title='bbox 1259 3346 1364 3418; x_wconf 92' lang='lat' dir='ltr'>libris</span> 
     </span>
     <span class='ocr_line' id='line_1_29' title="bbox 255 3463 1365 3560; baseline -0.009 -19"><span class='ocrx_word' id='word_1_190' title='bbox 255 3468 481 3560; x_wconf 76' lang='lat' dir='ltr'>agitabat-ur,</span> <span class='ocrx_word' id='word_1_191' title='bbox 513 3466 637 3537; x_wconf 83' lang='lat' dir='ltr'>donr&#39;rra</span> <span class='ocrx_word' id='word_1_192' title='bbox 660 3466 732 3536; x_wconf 81' lang='lat' dir='ltr'>oiri</span> <span class='ocrx_word' id='word_1_193' title='bbox 757 3474 846 3535; x_wconf 77' lang='lat' dir='ltr'>esset</span> <span class='ocrx_word' id='word_1_194' title='bbox 871 3465 911 3533; x_wconf 81' lang='lat' dir='ltr'>in</span> <span class='ocrx_word' id='word_1_195' title='bbox 936 3464 1098 3534; x_wconf 72' lang='lat' dir='ltr'>maxima</span> <span class='ocrx_word' id='word_1_196' title='bbox 1132 3463 1276 3534; x_wconf 83' lang='lat' dir='ltr'>caritate</span> <span class='ocrx_word' id='word_1_197' title='bbox 1295 3482 1365 3532; x_wconf 80' lang='lat' dir='ltr'>arr-</span> 
     </span>
     <span class='ocr_line' id='line_1_30' title="bbox 254 3573 1368 3674; baseline -0.011 -17"><span class='ocrx_word' id='word_1_198' title='bbox 254 3602 366 3669; x_wconf 81' lang='lat' dir='ltr'>uoooe,</span> <span class='ocrx_word' id='word_1_199' title='bbox 382 3581 559 3674; x_wconf 76' lang='lat' dir='ltr'>familiam</span> <span class='ocrx_word' id='word_1_200' title='bbox 585 3600 654 3650; x_wconf 85' lang='lat' dir='ltr'>uoo</span> <span class='ocrx_word' id='word_1_201' title='bbox 677 3581 795 3651; x_wconf 80' lang='lat' dir='ltr'>alere?</span> <span class='ocrx_word' id='word_1_202' title='bbox 813 3590 887 3662; x_wconf 85' lang='lat' dir='ltr'>aut,</span> <span class='ocrx_word' id='word_1_203' title='bbox 902 3599 982 3650; x_wconf 84' lang='lat' dir='ltr'>cum</span> <span class='ocrx_word' id='word_1_204' title='bbox 999 3580 1038 3648; x_wconf 84' lang='lat' dir='ltr'>iu</span> <span class='ocrx_word' id='word_1_205' title='bbox 1052 3573 1368 3667; x_wconf 59' lang='lat' dir='ltr'>morijaeturasa«</span> 
     </span>
     <span class='ocr_line' id='line_1_31' title="bbox 254 3691 1366 3787; baseline -0.013 -13"><span class='ocrx_word' id='word_1_206' title='bbox 254 3701 378 3774; x_wconf 73' lang='lat' dir='ltr'>cunda</span> <span class='ocrx_word' id='word_1_207' title='bbox 388 3714 491 3781; x_wconf 75' lang='lat' dir='ltr'>esset,</span> <span class='ocrx_word' id='word_1_208' title='bbox 511 3697 634 3787; x_wconf 82' lang='lat' dir='ltr'>equine</span> <span class='ocrx_word' id='word_1_209' title='bbox 642 3695 787 3785; x_wconf 77' lang='lat' dir='ltr'>pretiosi</span> <span class='ocrx_word' id='word_1_210' title='bbox 795 3695 909 3785; x_wconf 79' lang='lat' dir='ltr'>potius</span> <span class='ocrx_word' id='word_1_211' title='bbox 919 3696 1071 3782; x_wconf 80' lang='lat' dir='ltr'>sapiens,</span> <span class='ocrx_word' id='word_1_212' title='bbox 1083 3715 1130 3766; x_wconf 84' lang='lat' dir='ltr'>au</span> <span class='ocrx_word' id='word_1_213' title='bbox 1140 3691 1272 3762; x_wconf 80' lang='lat' dir='ltr'>servuli</span> <span class='ocrx_word' id='word_1_214' title='bbox 1282 3692 1366 3760; x_wconf 81' lang='lat' dir='ltr'>uilis</span> 
     </span>
     <span class='ocr_line' id='line_1_32' title="bbox 249 3809 1365 3912; baseline -0.011 -25"><span class='ocrx_word' id='word_1_215' title='bbox 249 3819 425 3912; x_wconf 75' lang='lat' dir='ltr'>jacturam</span> <span class='ocrx_word' id='word_1_216' title='bbox 441 3809 555 3904; x_wconf 73' lang='lat' dir='ltr'>[acere</span> <span class='ocrx_word' id='word_1_217' title='bbox 573 3810 734 3881; x_wconf 79' lang='lat' dir='ltr'>deberet.-</span> <span class='ocrx_word' id='word_1_218' title='bbox 761 3829 801 3880; x_wconf 94' lang='lat' dir='ltr'>re</span> <span class='ocrx_word' id='word_1_219' title='bbox 819 3811 978 3879; x_wconf 90' lang='lat' dir='ltr'>multum</span> <span class='ocrx_word' id='word_1_220' title='bbox 1001 3809 1038 3876; x_wconf 90' lang='lat' dir='ltr'>in</span> <span class='ocrx_word' id='word_1_221' title='bbox 1065 3820 1260 3898; x_wconf 89' lang='lat' dir='ltr'>utramque</span> <span class='ocrx_word' id='word_1_222' title='bbox 1279 3826 1365 3896; x_wconf 91' lang='lat' dir='ltr'>par-</span> 
     </span>
     <span class='ocr_line' id='line_1_33' title="bbox 257 3922 1367 4022; baseline -0.014 -16"><span class='ocrx_word' id='word_1_223' title='bbox 257 3942 332 4009; x_wconf 85' lang='lat' dir='ltr'>tem</span> <span class='ocrx_word' id='word_1_224' title='bbox 348 3930 551 4022; x_wconf 87' lang='lat' dir='ltr'>disputata,</span> <span class='ocrx_word' id='word_1_225' title='bbox 572 3927 618 3998; x_wconf 92' lang='lat' dir='ltr'>ad</span> <span class='ocrx_word' id='word_1_226' title='bbox 645 3935 850 3997; x_wconf 77' lang='lat' dir='ltr'>extremum</span> <span class='ocrx_word' id='word_1_227' title='bbox 876 3925 1026 4007; x_wconf 77' lang='lat' dir='ltr'>lisceto,</span> <span class='ocrx_word' id='word_1_228' title='bbox 1059 3943 1154 3993; x_wconf 75' lang='lat' dir='ltr'>tantis</span> <span class='ocrx_word' id='word_1_229' title='bbox 1179 3943 1200 3991; x_wconf 93' lang='lat' dir='ltr'>e</span> <span class='ocrx_word' id='word_1_230' title='bbox 1227 3922 1367 4012; x_wconf 87' lang='lat' dir='ltr'>priuci-</span> 
     </span>
    </p>
   </div>
   <div class='ocr_carea' id='block_1_5' title="bbox 290 4243 478 4309">
    <p class='ocr_par' dir='ltr' id='par_1_5' title="bbox 290 4243 478 4309">
     <span class='ocr_line' id='line_1_34' title="bbox 290 4243 478 4309; baseline -0.011 -15"><span class='ocrx_word' id='word_1_231' title='bbox 290 4243 420 4309; x_wconf 74' lang='lat' dir='ltr'>(tllbars.</span> <span class='ocrx_word' id='word_1_232' title='bbox 437 4243 478 4293; x_wconf 89' lang='grc'><strong>111.</strong></span> 
     </span>
    </p>
   </div>
   <div class='ocr_carea' id='block_1_6' title="bbox 300 4311 327 4320">
    <p class='ocr_par' dir='ltr' id='par_1_6' title="bbox 300 4311 327 4320">
     <span class='ocr_line' id='line_1_35' title="bbox 300 4311 327 4320; baseline 0 -4"><span class='ocrx_word' id='word_1_233' title='bbox 300 4313 304 4320; x_wconf 73' lang='grc'>,</span> <span class='ocrx_word' id='word_1_234' title='bbox 324 4311 327 4316; x_wconf 92' lang='grc'>.</span> 
     </span>
    </p>
   </div>
   <div class='ocr_carea' id='block_1_7' title="bbox 0 0 1507 4750">
    <p class='ocr_par' dir='ltr' id='par_1_7' title="bbox 0 0 1507 4750">
     <span class='ocr_line' id='line_1_36' title="bbox 0 0 1507 4750; baseline 0 0"><span class='ocrx_word' id='word_1_235' title='bbox 0 0 1507 4750; x_wconf 95' lang='lat' dir='ltr'> </span> 
     </span>
    </p>
   </div>
  </div>
 </body>
</html>
