2984 4750
148 429 240 503 lunc
258 432 408 501 demum
434 439 471 500 el
497 430 580 510 ille,
609 430 672 518 qui
697 428 735 496 in
756 425 857 514 Reip.
878 425 1000 493 locum
1019 410 1257 503 successerit,

147 548 271 618 Caesar
285 565 392 617 novae
413 544 603 634 religionis
617 545 714 613 Deus
731 541 939 611 habebitur.

203 662 283 733 Uno
301 662 434 745 verbo,
455 678 600 750 semper
625 660 750 729 Romae
767 658 879 728 decus
901 675 943 725 ac
961 656 1115 725 felicitas
1132 674 1262 744 snprea
1314 664 1320 683 '

153 792 255 849 mum
265 777 372 860 illud,
388 778 487 866 quod
501 775 642 845 civibus
656 782 936 863 proponeretur,
950 771 1090 841 bonum
1102 788 1181 841 esse
1195 772 1263 839 ho-

149 903 373 982 nestumque
394 892 566 962 Romanis
576 892 696 960 visum
714 898 780 958 est.
799 888 867 958 Sed
882 887 1059 958 Tullianis
1079 886 1263 977 imprimis

153 1007 403 1098 temporibus,
434 1008 523 1097 quid
547 1007 697 1087 mirum,
723 1006 754 1075 si
771 1014 927 1073 tantaea
951 1004 1078 1073 civitas
1099 982 1280 1091 adeoque

154 1123 358 1214 splendida,
370 1133 407 1193 et
419 1132 520 1192 tanta
536 1122 643 1191 laude
654 1121 842 1191 cumulata
862 1119 1003 1189 civibus
1018 1119 1094 1188 suis
1108 1119 1186 1207 jam
1198 1136 1264 1206 pro

150 1239 298 1309 caeteris
315 1238 488 1309 omnibus
505 1237 616 1306 rebus
635 1236 771 1305 luerit?
789 1235 966 1321 Quaenam
984 1243 1065 1303 tum
1078 1232 1266 1323 pulchrior

154 1352 301 1423 virtutis
320 1370 461 1421 merces
478 1370 557 1420 esso
578 1350 720 1439 potuit,
740 1368 851 1438 qnam
870 1348 932 1416 illa
949 1347 1063 1418 totius
1086 1347 1263 1430 civitatis,

150 1477 219 1537 aut
232 1468 354 1557 potius
370 1468 522 1548 mundi,
547 1466 782 1556 approbatio,
803 1474 931 1553 totque
949 1465 1134 1533 honorum
1148 1464 1267 1553 splen-

154 1584 243 1665 dor,
267 1584 399 1672 quibus
424 1582 752 1670 praestantissimus
779 1581 935 1669 quisque
962 1584 1183 1667 augeretur?
1205 1589 1268 1649 ant

151 1699 239 1788 quis
252 1700 329 1788 jam
345 1699 500 1767 alteram
519 1698 634 1766 vitam
653 1697 915 1776 desiderasset,
932 1713 1048 1784 quum
1067 1695 1125 1764 sui
1139 1693 1269 1764 saltem

153 1814 317 1884 nominis
334 1813 481 1884 laudem
502 1815 539 1881 iri
554 1812 672 1901 gentis
690 1832 765 1882 suae
779 1811 1063 1901 perpetuitatem
1080 1810 1269 1879 aeternitaa

157 1938 306 2016 temque
333 1926 456 1999 Romae
474 1947 556 2019 spes
581 1937 677 1998 esset
696 1926 941 2017 prorogandi?
960 1926 1093 2012 Quaeve
1118 1944 1269 2014 prorsus

152 2043 272 2113 altera
292 2043 371 2131 jam
388 2044 597 2114 animorum
621 2043 880 2112 immortalitas
901 2042 1021 2131 potuit
1044 2030 1267 2130 excogitari,

156 2177 241 2247 quae
250 2158 546 2246 magnificentius
559 2155 1270 2247 omniumresponderetexspecletioni‘t

208 2271 300 2343 Cum
318 2274 432 2362 igitur
450 2273 631 2363 quidquid
647 2274 826 2343 virtutum
847 2274 972 2343 Romae
1000 2282 1212 2371 supererat,
1230 2274 1269 2341 in

157 2409 240 2459 eam
260 2389 386 2477 patriae
409 2389 600 2460 caritatem
625 2388 819 2460 defluxisse
847 2390 1055 2472 videretur,
1084 2387 1271 2461 Ciceronis

159 2513 260 2586 crat,
287 2505 414 2594 patriae
433 2505 549 2593 ipsius
566 2505 829 2587 amantissimi,
845 2524 926 2575 eam
946 2505 1047 2594 Reip.
1071 2505 1270 2576 utilitatem

160 2640 270 2709 supra
291 2621 416 2689 omnia
436 2620 597 2707 erigere,
624 2621 830 2689 secundum
848 2640 961 2709 quam
985 2621 1129 2707 singula
1155 2622 1192 2690 in
1214 2641 1270 2691 or-

158 2734 247 2804 dine
265 2734 384 2804 officia
397 2735 494 2804 inira
503 2744 754 2823 componeret.
777 2733 954 2824 Suprema
970 2755 1057 2824 ergo
1074 2736 1170 2826 apud
1184 2757 1270 2807 eum

158 2869 204 2920 ea
218 2849 350 2937 agendi
366 2850 421 2920 lex
438 2860 516 2920 est:
544 2849 765 2940 quandoque
778 2851 855 2939 jam
873 2850 918 2919 de
935 2851 1092 2920 civitatis
1104 2872 1268 2923 commo-

160 2965 218 3035 dis
233 2965 374 3053 agilur,
401 2977 533 3035 caetera
548 2966 672 3036 onmia
688 2965 936 3053 posthabenda
953 2965 1051 3035 idem
1071 2966 1271 3038 arbitratur

166 3078 326 3176 (lll‚6)‚
343 3081 398 3149 vel
414 3092 451 3150 et
467 3079 661 3171 ipsamlilii
679 3080 717 3149 in
736 3089 926 3170 parentem
939 3081 1123 3170 pietatem.
1147 3118 1157 3146 a
1176 3083 1271 3169 Quid

166 3243 177 3255 ,
205 3195 326 3278 enim,
355 3195 497 3285 inquit,
522 3197 552 3265 si
577 3196 811 3286 tyrannidem
834 3215 1034 3285 occupare,
1059 3197 1089 3268 si
1114 3200 1269 3289 patriam

165 3340 180 3374 ι
205 3309 362 3399 prodere
379 3310 577 3380 conabitur
602 3315 727 3400 pater?
751 3311 921 3380 silebitne
938 3311 1061 3382 filins?
1086 3313 1162 3383 imo
1186 3335 1271 3385 vero

167 3456 179 3487 »
204 3425 413 3497 obsecrabit
438 3437 601 3517 patrem,
628 3446 674 3496 ne
701 3427 737 3494 id
764 3428 883 3497 iaciat.
914 3426 950 3497 Si
969 3428 1062 3497 nihil
1084 3430 1269 3518 proficiat,

164 3571 179 3603 2
205 3542 412 3626 accusabit,
429 3542 631 3612 minabitur
642 3542 773 3624 etiam;
788 3542 833 3612 ad
845 3553 1071 3626 extremum,
1089 3545 1120 3614 si
1133 3545 1178 3615 ad
1194 3567 1273 3636 per-

165 3658 339 3728 »niciem
367 3659 494 3747 patriae
521 3678 579 3728 res
605 3659 804 3748 spectabit,
832 3660 959 3749 patriae
987 3660 1142 3729 salutem
1168 3672 1273 3733 ante-

166 3804 178 3834 »
207 3783 318 3862 ponet
332 3775 441 3846 saluti
456 3774 570 3863 patris
590 3771 604 3869 (
616 3774 690 3856 ill,
710 3772 793 3869 23).
813 3806 824 3836 ι
852 3775 965 3845 Totus
982 3775 1041 3844 hic
1061 3775 1163 3846 locus
1180 3777 1273 3847 Bru-

167 3889 269 3960 tinus
283 3899 352 3972 est,
371 3891 610 3980 Romanoque
629 3890 779 3961 homine
793 3890 937 3979 dignus.
957 3890 1000 3959 At
1019 3891 1169 3980 plurimi
1186 3914 1275 3982 prae-

164 4007 267 4069 terea
291 4001 354 4069 alii
374 4002 445 4072 loci
472 4011 697 4085 occurrunt,
725 4002 789 4071 ubi
811 4002 850 4072 in
869 4003 1102 4073 teterrimum
1123 4001 1276 4074 Caesaris

163 4116 375 4205 exemplum
394 4118 582 4188 invehitur
601 4115 670 4205 (ll,
690 4120 762 4188 7-
782 4115 849 4201 lll,
862 4116 947 4213 lt),
967 4136 1170 4208 necemque
1187 4140 1274 4210 pro-v

164 4230 245 4313 bat,
261 4232 528 4323 exterritosque
544 4233 704 4304 facinore
722 4233 976 4305 interfectores
991 4233 1120 4322 erigit,
1140 4236 1275 4306 corilirss
