<?xml version="1.0" encoding="UTF-8"?>
<!DOCTYPE html PUBLIC "-//W3C//DTD XHTML 1.0 Transitional//EN"
    "http://www.w3.org/TR/xhtml1/DTD/xhtml1-transitional.dtd">
<html xmlns="http://www.w3.org/1999/xhtml" xml:lang="en" lang="en">
 <head>
  <title>
</title>
<meta http-equiv="Content-Type" content="text/html;charset=utf-8" />
  <meta name='ocr-system' content='tesseract 3.04.00' />
  <meta name='ocr-capabilities' content='ocr_page ocr_carea ocr_par ocr_line ocrx_word'/>
</head>
<body>
  <div class='ocr_page' id='page_1' title='image "./historicademtci00benogoog_0123.png"; bbox 0 0 2984 4750; ppageno 0'>
   <div class='ocr_carea' id='block_1_1' title="bbox 598 278 788 347">
    <p class='ocr_par' dir='ltr' id='par_1_1' title="bbox 598 278 788 347">
     <span class='ocr_line' id='line_1_1' title="bbox 598 278 788 347; baseline -0.011 -18"><span class='ocrx_word' id='word_1_1' title='bbox 598 278 788 347; x_wconf 73' lang='lat'><strong>..73-</strong></span> 
     </span>
    </p>
   </div>
   <div class='ocr_carea' id='block_1_2' title="bbox 139 446 1254 4106">
    <p class='ocr_par' dir='ltr' id='par_1_2' title="bbox 139 446 1250 1687">
     <span class='ocr_line' id='line_1_2' title="bbox 142 446 1249 538; baseline 0 -21"><span class='ocrx_word' id='word_1_2' title='bbox 142 450 217 529; x_wconf 92' lang='lat' dir='ltr'>ille,</span> <span class='ocrx_word' id='word_1_3' title='bbox 237 448 301 538; x_wconf 90' lang='lat' dir='ltr'>qui</span> <span class='ocrx_word' id='word_1_4' title='bbox 320 468 394 517; x_wconf 92' lang='lat' dir='ltr'>non</span> <span class='ocrx_word' id='word_1_5' title='bbox 412 447 538 516; x_wconf 91' lang='lat' dir='ltr'>minus</span> <span class='ocrx_word' id='word_1_6' title='bbox 557 447 602 515; x_wconf 94' lang='lat' dir='ltr'>ad</span> <span class='ocrx_word' id='word_1_7' title='bbox 626 448 810 515; x_wconf 74' lang='lat' dir='ltr'>actionem</span> <span class='ocrx_word' id='word_1_8' title='bbox 829 465 942 535; x_wconf 90' lang='lat' dir='ltr'>quam</span> <span class='ocrx_word' id='word_1_9' title='bbox 961 446 1007 514; x_wconf 92' lang='lat' dir='ltr'>ad</span> <span class='ocrx_word' id='word_1_10' title='bbox 1021 449 1249 537; x_wconf 84' lang='lat' dir='ltr'>contempla·-</span> 
     </span>
     <span class='ocr_line' id='line_1_3' title="bbox 141 561 1249 651; baseline -0.003 -17"><span class='ocrx_word' id='word_1_11' title='bbox 141 567 279 634; x_wconf 88' lang='lat' dir='ltr'>tionem</span> <span class='ocrx_word' id='word_1_12' title='bbox 294 572 439 634; x_wconf 89' lang='lat' dir='ltr'>creatus</span> <span class='ocrx_word' id='word_1_13' title='bbox 449 562 573 644; x_wconf 87' lang='lat' dir='ltr'>luerit,</span> <span class='ocrx_word' id='word_1_14' title='bbox 588 561 758 644; x_wconf 85' lang='lat' dir='ltr'>allectus,</span> <span class='ocrx_word' id='word_1_15' title='bbox 774 561 893 644; x_wconf 90' lang='lat' dir='ltr'>idest,</span> <span class='ocrx_word' id='word_1_16' title='bbox 908 563 1107 633; x_wconf 88' lang='lat' dir='ltr'>acerrimos</span> <span class='ocrx_word' id='word_1_17' title='bbox 1117 565 1249 651; x_wconf 82' lang='lat' dir='ltr'>agendi</span> 
     </span>
     <span class='ocr_line' id='line_1_4' title="bbox 141 676 1248 768; baseline 0.001 -20"><span class='ocrx_word' id='word_1_18' title='bbox 141 679 331 760; x_wconf 88' lang='lat' dir='ltr'>stimulos,</span> <span class='ocrx_word' id='word_1_19' title='bbox 358 681 488 750; x_wconf 80' lang='lat' dir='ltr'>exuat?</span> <span class='ocrx_word' id='word_1_20' title='bbox 507 719 535 727; x_wconf 93' lang='lat'><em>-</em></span> <span class='ocrx_word' id='word_1_21' title='bbox 557 676 778 768; x_wconf 82' lang='lat' dir='ltr'>Quanquam</span> <span class='ocrx_word' id='word_1_22' title='bbox 801 677 900 750; x_wconf 86' lang='lat' dir='ltr'>baud</span> <span class='ocrx_word' id='word_1_23' title='bbox 921 677 1104 748; x_wconf 81' lang='lat' dir='ltr'>diffitebor</span> <span class='ocrx_word' id='word_1_24' title='bbox 1125 688 1248 749; x_wconf 90' lang='lat' dir='ltr'>tamen</span> 
     </span>
     <span class='ocr_line' id='line_1_5' title="bbox 143 791 1249 885; baseline 0 -22"><span class='ocrx_word' id='word_1_25' title='bbox 143 792 358 863; x_wconf 84' lang='lat' dir='ltr'>Christianae</span> <span class='ocrx_word' id='word_1_26' title='bbox 375 791 579 884; x_wconf 82' lang='lat' dir='ltr'>discipliuae</span> <span class='ocrx_word' id='word_1_27' title='bbox 600 811 686 862; x_wconf 91' lang='lat' dir='ltr'>suos</span> <span class='ocrx_word' id='word_1_28' title='bbox 707 810 856 883; x_wconf 92' lang='lat' dir='ltr'>quoque</span> <span class='ocrx_word' id='word_1_29' title='bbox 881 791 1022 864; x_wconf 89' lang='lat' dir='ltr'>Stoicos</span> <span class='ocrx_word' id='word_1_30' title='bbox 1041 793 1165 877; x_wconf 90' lang='lat' dir='ltr'>luisse,</span> <span class='ocrx_word' id='word_1_31' title='bbox 1185 796 1249 885; x_wconf 93' lang='lat' dir='ltr'>qui</span> 
     </span>
     <span class='ocr_line' id='line_1_6' title="bbox 143 906 1250 997; baseline 0.002 -21"><span class='ocrx_word' id='word_1_32' title='bbox 143 906 339 978; x_wconf 82' lang='lat' dir='ltr'>sublimem</span> <span class='ocrx_word' id='word_1_33' title='bbox 352 925 435 977; x_wconf 91' lang='lat' dir='ltr'>eam</span> <span class='ocrx_word' id='word_1_34' title='bbox 450 906 692 977; x_wconf 81' lang='lat' dir='ltr'>indolentiam</span> <span class='ocrx_word' id='word_1_35' title='bbox 709 916 1023 978; x_wconf 85' lang='lat' dir='ltr'>consectarentur.</span> <span class='ocrx_word' id='word_1_36' title='bbox 1035 906 1072 976; x_wconf 92' lang='lat' dir='ltr'>Si</span> <span class='ocrx_word' id='word_1_37' title='bbox 1086 906 1175 997; x_wconf 91' lang='lat' dir='ltr'>quid</span> <span class='ocrx_word' id='word_1_38' title='bbox 1188 928 1250 978; x_wconf 88' lang='lat' dir='ltr'>au-</span> 
     </span>
     <span class='ocr_line' id='line_1_7' title="bbox 142 1022 1250 1112; baseline 0.004 -22"><span class='ocrx_word' id='word_1_39' title='bbox 142 1032 216 1092; x_wconf 87' lang='lat' dir='ltr'>tem</span> <span class='ocrx_word' id='word_1_40' title='bbox 230 1022 269 1091; x_wconf 93' lang='lat' dir='ltr'>in</span> <span class='ocrx_word' id='word_1_41' title='bbox 286 1022 356 1092; x_wconf 85' lang='lat' dir='ltr'>ista</span> <span class='ocrx_word' id='word_1_42' title='bbox 381 1022 569 1111; x_wconf 89' lang='lat' dir='ltr'>suiipsius</span> <span class='ocrx_word' id='word_1_43' title='bbox 587 1022 792 1112; x_wconf 89' lang='lat' dir='ltr'>abjectione</span> <span class='ocrx_word' id='word_1_44' title='bbox 811 1023 970 1092; x_wconf 92' lang='lat' dir='ltr'>nimium</span> <span class='ocrx_word' id='word_1_45' title='bbox 988 1023 1074 1105; x_wconf 85' lang='lat' dir='ltr'>luit,</span> <span class='ocrx_word' id='word_1_46' title='bbox 1103 1038 1178 1093; x_wconf 91' lang='lat' dir='ltr'>non</span> <span class='ocrx_word' id='word_1_47' title='bbox 1192 1025 1250 1094; x_wconf 90' lang='lat' dir='ltr'>di-</span> 
     </span>
     <span class='ocr_line' id='line_1_8' title="bbox 142 1138 1248 1229; baseline 0.006 -25"><span class='ocrx_word' id='word_1_48' title='bbox 142 1138 249 1207; x_wconf 88' lang='lat' dir='ltr'>vinus</span> <span class='ocrx_word' id='word_1_49' title='bbox 275 1139 353 1229; x_wconf 90' lang='lat' dir='ltr'>ipse</span> <span class='ocrx_word' id='word_1_50' title='bbox 372 1138 547 1226; x_wconf 82' lang='lat' dir='ltr'>magister</span> <span class='ocrx_word' id='word_1_51' title='bbox 566 1148 695 1209; x_wconf 85' lang='lat' dir='ltr'>auctor</span> <span class='ocrx_word' id='word_1_52' title='bbox 716 1140 848 1210; x_wconf 87' lang='lat' dir='ltr'>luerat.</span> <span class='ocrx_word' id='word_1_53' title='bbox 869 1139 942 1226; x_wconf 88' lang='lat' dir='ltr'>Qui</span> <span class='ocrx_word' id='word_1_54' title='bbox 969 1152 1101 1229; x_wconf 86' lang='lat' dir='ltr'>nempe</span> <span class='ocrx_word' id='word_1_55' title='bbox 1131 1141 1248 1211; x_wconf 89' lang='lat' dir='ltr'>animi</span> 
     </span>
     <span class='ocr_line' id='line_1_9' title="bbox 142 1253 1250 1345; baseline 0.003 -22"><span class='ocrx_word' id='word_1_56' title='bbox 142 1253 362 1342; x_wconf 87' lang='lat' dir='ltr'>cupiditates</span> <span class='ocrx_word' id='word_1_57' title='bbox 378 1272 453 1323; x_wconf 93' lang='lat' dir='ltr'>non</span> <span class='ocrx_word' id='word_1_58' title='bbox 466 1262 542 1323; x_wconf 90' lang='lat' dir='ltr'>tam</span> <span class='ocrx_word' id='word_1_59' title='bbox 551 1254 754 1343; x_wconf 84' lang='lat' dir='ltr'>expugnari</span> <span class='ocrx_word' id='word_1_60' title='bbox 760 1253 927 1343; x_wconf 82' lang='lat' dir='ltr'>jubebat,</span> <span class='ocrx_word' id='word_1_61' title='bbox 942 1265 1189 1345; x_wconf 86' lang='lat' dir='ltr'>quamcontru</span> <span class='ocrx_word' id='word_1_62' title='bbox 1203 1258 1250 1326; x_wconf 93' lang='lat' dir='ltr'>ad</span> 
     </span>
     <span class='ocr_line' id='line_1_10' title="bbox 139 1368 1246 1458; baseline 0.005 -22"><span class='ocrx_word' id='word_1_63' title='bbox 139 1368 371 1438; x_wconf 77' lang='lat' dir='ltr'>excitandam</span> <span class='ocrx_word' id='word_1_64' title='bbox 402 1370 576 1439; x_wconf 82' lang='lat' dir='ltr'>virtutem</span> <span class='ocrx_word' id='word_1_65' title='bbox 605 1369 788 1439; x_wconf 83' lang='lat' dir='ltr'>conferri:</span> <span class='ocrx_word' id='word_1_66' title='bbox 808 1388 929 1458; x_wconf 91' lang='lat' dir='ltr'>neque</span> <span class='ocrx_word' id='word_1_67' title='bbox 963 1370 1054 1441; x_wconf 88' lang='lat' dir='ltr'>alios</span> <span class='ocrx_word' id='word_1_68' title='bbox 1081 1372 1246 1453; x_wconf 84' lang='lat' dir='ltr'>affectus,</span> 
     </span>
     <span class='ocr_line' id='line_1_11' title="bbox 142 1483 1246 1574; baseline 0.004 -22"><span class='ocrx_word' id='word_1_69' title='bbox 142 1483 344 1553; x_wconf 87' lang='lat' dir='ltr'>deteriores</span> <span class='ocrx_word' id='word_1_70' title='bbox 360 1484 513 1564; x_wconf 89' lang='lat' dir='ltr'>scilicet,</span> <span class='ocrx_word' id='word_1_71' title='bbox 535 1484 740 1565; x_wconf 90' lang='lat' dir='ltr'>coercebat,</span> <span class='ocrx_word' id='word_1_72' title='bbox 762 1483 833 1552; x_wconf 91' lang='lat' dir='ltr'>uisi</span> <span class='ocrx_word' id='word_1_73' title='bbox 862 1492 902 1552; x_wconf 92' lang='lat' dir='ltr'>ut</span> <span class='ocrx_word' id='word_1_74' title='bbox 930 1484 1083 1574; x_wconf 89' lang='lat' dir='ltr'>reliquis</span> <span class='ocrx_word' id='word_1_75' title='bbox 1101 1486 1246 1566; x_wconf 88' lang='lat' dir='ltr'>melius,</span> 
     </span>
     <span class='ocr_line' id='line_1_12' title="bbox 144 1597 1133 1687; baseline 0.002 -20"><span class='ocrx_word' id='word_1_76' title='bbox 144 1599 248 1687; x_wconf 86' lang='lat' dir='ltr'>quasi</span> <span class='ocrx_word' id='word_1_77' title='bbox 268 1598 445 1680; x_wconf 85' lang='lat' dir='ltr'>vectibus,</span> <span class='ocrx_word' id='word_1_78' title='bbox 461 1597 507 1666; x_wconf 89' lang='lat' dir='ltr'>ad</span> <span class='ocrx_word' id='word_1_79' title='bbox 524 1597 789 1668; x_wconf 87' lang='lat' dir='ltr'>commovenda</span> <span class='ocrx_word' id='word_1_80' title='bbox 805 1599 930 1668; x_wconf 91' lang='lat' dir='ltr'>omnia</span> <span class='ocrx_word' id='word_1_81' title='bbox 953 1607 1133 1669; x_wconf 89' lang='lat' dir='ltr'>uteretur.</span> 
     </span>
    </p>

    <p class='ocr_par' dir='ltr' id='par_1_3' title="bbox 141 1711 1254 4106">
     <span class='ocr_line' id='line_1_13' title="bbox 192 1711 1250 1803; baseline 0.001 -21"><span class='ocrx_word' id='word_1_82' title='bbox 192 1712 250 1783; x_wconf 83' lang='lat' dir='ltr'>Sic</span> <span class='ocrx_word' id='word_1_83' title='bbox 272 1724 309 1783; x_wconf 88' lang='lat' dir='ltr'>et</span> <span class='ocrx_word' id='word_1_84' title='bbox 334 1724 502 1783; x_wconf 88' lang='lat' dir='ltr'>nostrum</span> <span class='ocrx_word' id='word_1_85' title='bbox 529 1712 745 1783; x_wconf 83' lang='lat' dir='ltr'>Ciceronem</span> <span class='ocrx_word' id='word_1_86' title='bbox 762 1711 943 1796; x_wconf 77' lang='lat' dir='ltr'>vidimuS,</span> <span class='ocrx_word' id='word_1_87' title='bbox 969 1733 1085 1803; x_wconf 94' lang='lat' dir='ltr'>quum</span> <span class='ocrx_word' id='word_1_88' title='bbox 1110 1715 1148 1783; x_wconf 92' lang='lat' dir='ltr'>id</span> <span class='ocrx_word' id='word_1_89' title='bbox 1172 1716 1250 1803; x_wconf 90' lang='lat' dir='ltr'>ipse</span> 
     </span>
     <span class='ocr_line' id='line_1_14' title="bbox 144 1827 1251 1919; baseline 0.001 -22"><span class='ocrx_word' id='word_1_90' title='bbox 144 1827 403 1917; x_wconf 80' lang='lat' dir='ltr'>perspexisset,</span> <span class='ocrx_word' id='word_1_91' title='bbox 423 1828 499 1918; x_wconf 88' lang='lat' dir='ltr'>jam</span> <span class='ocrx_word' id='word_1_92' title='bbox 516 1828 612 1898; x_wconf 85' lang='lat' dir='ltr'>inira</span> <span class='ocrx_word' id='word_1_93' title='bbox 638 1828 842 1918; x_wconf 86' lang='lat' dir='ltr'>perlectum</span> <span class='ocrx_word' id='word_1_94' title='bbox 872 1828 966 1897; x_wconf 91' lang='lat' dir='ltr'>illud</span> <span class='ocrx_word' id='word_1_95' title='bbox 997 1829 1097 1919; x_wconf 91' lang='lat' dir='ltr'>quod</span> <span class='ocrx_word' id='word_1_96' title='bbox 1124 1830 1170 1898; x_wconf 89' lang='lat' dir='ltr'>ad</span> <span class='ocrx_word' id='word_1_97' title='bbox 1189 1848 1251 1898; x_wconf 90' lang='lat' dir='ltr'>ra-</span> 
     </span>
     <span class='ocr_line' id='line_1_15' title="bbox 142 1944 1250 2033; baseline 0.001 -20"><span class='ocrx_word' id='word_1_98' title='bbox 142 1945 282 2013; x_wconf 92' lang='lat' dir='ltr'>tionem</span> <span class='ocrx_word' id='word_1_99' title='bbox 300 1945 414 2013; x_wconf 92' lang='lat' dir='ltr'>solam</span> <span class='ocrx_word' id='word_1_100' title='bbox 435 1944 594 2033; x_wconf 88' lang='lat' dir='ltr'>pertinet</span> <span class='ocrx_word' id='word_1_101' title='bbox 612 1945 824 2026; x_wconf 87' lang='lat' dir='ltr'>honestum,</span> <span class='ocrx_word' id='word_1_102' title='bbox 841 1944 1011 2015; x_wconf 79' lang='lat' dir='ltr'>secundae</span> <span class='ocrx_word' id='word_1_103' title='bbox 1025 1954 1121 2014; x_wconf 85' lang='lat' dir='ltr'>notae</span> <span class='ocrx_word' id='word_1_104' title='bbox 1138 1945 1250 2014; x_wconf 78' lang='lat' dir='ltr'>virtu·</span> 
     </span>
     <span class='ocr_line' id='line_1_16' title="bbox 142 2058 1250 2149; baseline 0.002 -21"><span class='ocrx_word' id='word_1_105' title='bbox 142 2070 232 2140; x_wconf 90' lang='lat' dir='ltr'>tem,</span> <span class='ocrx_word' id='word_1_106' title='bbox 247 2074 332 2129; x_wconf 90' lang='lat' dir='ltr'>cum</span> <span class='ocrx_word' id='word_1_107' title='bbox 344 2059 426 2128; x_wconf 83' lang='lat' dir='ltr'>vitae</span> <span class='ocrx_word' id='word_1_108' title='bbox 439 2058 858 2148; x_wconf 88' lang='lat' dir='ltr'>utilitatibusunimique</span> <span class='ocrx_word' id='word_1_109' title='bbox 871 2058 1061 2129; x_wconf 84' lang='lat' dir='ltr'>affectibus</span> <span class='ocrx_word' id='word_1_110' title='bbox 1077 2061 1250 2149; x_wconf 85' lang='lat' dir='ltr'>conjunc·</span> 
     </span>
     <span class='ocr_line' id='line_1_17' title="bbox 142 2173 1250 2264; baseline 0.007 -25"><span class='ocrx_word' id='word_1_111' title='bbox 142 2180 217 2242; x_wconf 90' lang='lat' dir='ltr'>tam</span> <span class='ocrx_word' id='word_1_112' title='bbox 236 2191 277 2242; x_wconf 96' lang='lat' dir='ltr'>ac</span> <span class='ocrx_word' id='word_1_113' title='bbox 294 2181 556 2262; x_wconf 89' lang='lat' dir='ltr'>temperatam,</span> <span class='ocrx_word' id='word_1_114' title='bbox 573 2173 830 2242; x_wconf 87' lang='lat' dir='ltr'>instituentem</span> <span class='ocrx_word' id='word_1_115' title='bbox 856 2193 864 2241; x_wconf 76' lang='grc' dir='ltr'><em>τ</em></span> <span class='ocrx_word' id='word_1_116' title='bbox 889 2173 1140 2264; x_wconf 87' lang='lat' dir='ltr'>mediocrique</span> <span class='ocrx_word' id='word_1_117' title='bbox 1163 2173 1250 2247; x_wconf 87' lang='lat' dir='ltr'>huic</span> 
     </span>
     <span class='ocr_line' id='line_1_18' title="bbox 143 2286 1253 2381; baseline 0.005 -28"><span class='ocrx_word' id='word_1_118' title='bbox 143 2287 270 2356; x_wconf 82' lang='lat' dir='ltr'>virtuti</span> <span class='ocrx_word' id='word_1_119' title='bbox 286 2288 513 2359; x_wconf 87' lang='lat' dir='ltr'>honestiores</span> <span class='ocrx_word' id='word_1_120' title='bbox 523 2287 637 2356; x_wconf 92' lang='lat' dir='ltr'>animi</span> <span class='ocrx_word' id='word_1_121' title='bbox 651 2286 871 2378; x_wconf 87' lang='lat' dir='ltr'>cupiditates</span> <span class='ocrx_word' id='word_1_122' title='bbox 882 2287 1155 2378; x_wconf 85' lang='lat' dir='ltr'>subjicientem,</span> <span class='ocrx_word' id='word_1_123' title='bbox 1167 2292 1253 2381; x_wconf 92' lang='lat' dir='ltr'>qui-</span> 
     </span>
     <span class='ocr_line' id='line_1_19' title="bbox 141 2401 1252 2493; baseline 0.003 -21"><span class='ocrx_word' id='word_1_124' title='bbox 141 2403 212 2473; x_wconf 90' lang='lat' dir='ltr'>bus</span> <span class='ocrx_word' id='word_1_125' title='bbox 224 2405 269 2473; x_wconf 91' lang='lat' dir='ltr'>ad</span> <span class='ocrx_word' id='word_1_126' title='bbox 285 2401 425 2474; x_wconf 91' lang='lat' dir='ltr'>bouum</span> <span class='ocrx_word' id='word_1_127' title='bbox 444 2401 499 2472; x_wconf 83' lang='lat' dir='ltr'>rlr</span> <span class='ocrx_word' id='word_1_128' title='bbox 513 2402 632 2474; x_wconf 91' lang='lat' dir='ltr'>bonus</span> <span class='ocrx_word' id='word_1_129' title='bbox 646 2402 831 2473; x_wconf 87' lang='lat' dir='ltr'>stimulari</span> <span class='ocrx_word' id='word_1_130' title='bbox 851 2415 986 2492; x_wconf 88' lang='lat' dir='ltr'>posset,</span> <span class='ocrx_word' id='word_1_131' title='bbox 1009 2404 1136 2493; x_wconf 87' lang='lat' dir='ltr'>patriae</span> <span class='ocrx_word' id='word_1_132' title='bbox 1151 2405 1252 2475; x_wconf 85' lang='lat' dir='ltr'>scili-</span> 
     </span>
     <span class='ocr_line' id='line_1_20' title="bbox 143 2517 1247 2608; baseline 0.002 -21"><span class='ocrx_word' id='word_1_133' title='bbox 143 2528 221 2602; x_wconf 89' lang='lat' dir='ltr'>cet,</span> <span class='ocrx_word' id='word_1_134' title='bbox 241 2527 512 2608; x_wconf 90' lang='lat' dir='ltr'>parentumque</span> <span class='ocrx_word' id='word_1_135' title='bbox 528 2518 741 2603; x_wconf 89' lang='lat' dir='ltr'>caritatem,</span> <span class='ocrx_word' id='word_1_136' title='bbox 759 2517 971 2607; x_wconf 87' lang='lat' dir='ltr'>justamque</span> <span class='ocrx_word' id='word_1_137' title='bbox 993 2518 1247 2601; x_wconf 86' lang='lat' dir='ltr'>ambitionem,</span> 
     </span>
     <span class='ocr_line' id='line_1_21' title="bbox 144 2630 1250 2723; baseline 0.002 -22"><span class='ocrx_word' id='word_1_138' title='bbox 144 2632 262 2703; x_wconf 88' lang='lat' dir='ltr'>laudis</span> <span class='ocrx_word' id='word_1_139' title='bbox 288 2633 448 2723; x_wconf 87' lang='lat' dir='ltr'>denique</span> <span class='ocrx_word' id='word_1_140' title='bbox 470 2652 512 2703; x_wconf 94' lang='lat' dir='ltr'>ac</span> <span class='ocrx_word' id='word_1_141' title='bbox 539 2632 730 2719; x_wconf 86' lang='lat' dir='ltr'>dignitatis</span> <span class='ocrx_word' id='word_1_142' title='bbox 746 2630 922 2702; x_wconf 89' lang='lat' dir='ltr'>studium.</span> <span class='ocrx_word' id='word_1_143' title='bbox 944 2671 989 2684; x_wconf 90' lang='lat'><em>-</em></span> <span class='ocrx_word' id='word_1_144' title='bbox 1008 2631 1077 2702; x_wconf 87' lang='lat' dir='ltr'>Sed</span> <span class='ocrx_word' id='word_1_145' title='bbox 1102 2652 1145 2702; x_wconf 92' lang='lat' dir='ltr'>ea</span> <span class='ocrx_word' id='word_1_146' title='bbox 1171 2632 1250 2722; x_wconf 93' lang='lat' dir='ltr'>ipsa</span> 
     </span>
     <span class='ocr_line' id='line_1_22' title="bbox 142 2747 1251 2837; baseline 0.005 -24"><span class='ocrx_word' id='word_1_147' title='bbox 142 2748 290 2818; x_wconf 85' lang='lat' dir='ltr'>virtutis</span> <span class='ocrx_word' id='word_1_148' title='bbox 306 2757 492 2819; x_wconf 90' lang='lat' dir='ltr'>momenta</span> <span class='ocrx_word' id='word_1_149' title='bbox 508 2766 621 2837; x_wconf 92' lang='lat' dir='ltr'>quam</span> <span class='ocrx_word' id='word_1_150' title='bbox 639 2747 766 2837; x_wconf 91' lang='lat' dir='ltr'>paucis</span> <span class='ocrx_word' id='word_1_151' title='bbox 781 2747 934 2818; x_wconf 91' lang='lat' dir='ltr'>demum</span> <span class='ocrx_word' id='word_1_152' title='bbox 956 2747 1184 2836; x_wconf 87' lang='lat' dir='ltr'>principibus</span> <span class='ocrx_word' id='word_1_153' title='bbox 1198 2750 1251 2818; x_wconf 92' lang='lat' dir='ltr'>vi·</span> 
     </span>
     <span class='ocr_line' id='line_1_23' title="bbox 144 2863 1254 2955; baseline 0 -24"><span class='ocrx_word' id='word_1_154' title='bbox 144 2863 215 2946; x_wconf 72' lang='grc' dir='ltr'>τῖε,</span> <span class='ocrx_word' id='word_1_155' title='bbox 234 2873 345 2955; x_wconf 90' lang='lat' dir='ltr'>atque</span> <span class='ocrx_word' id='word_1_156' title='bbox 366 2865 405 2933; x_wconf 93' lang='lat' dir='ltr'>in</span> <span class='ocrx_word' id='word_1_157' title='bbox 425 2874 624 2953; x_wconf 89' lang='lat' dir='ltr'>conspectu</span> <span class='ocrx_word' id='word_1_158' title='bbox 642 2864 813 2934; x_wconf 89' lang='lat' dir='ltr'>omnium</span> <span class='ocrx_word' id='word_1_159' title='bbox 835 2863 964 2952; x_wconf 89' lang='lat' dir='ltr'>positis</span> <span class='ocrx_word' id='word_1_160' title='bbox 987 2863 1254 2952; x_wconf 88' lang='lat' dir='ltr'>comparaban-</span> 
     </span>
     <span class='ocr_line' id='line_1_24' title="bbox 144 2977 1252 3066; baseline 0 -19"><span class='ocrx_word' id='word_1_161' title='bbox 144 2978 443 3066; x_wconf 81' lang='lat' dir='ltr'>turlQuid&#39;ergo</span> <span class='ocrx_word' id='word_1_162' title='bbox 464 2979 602 3049; x_wconf 90' lang='lat' dir='ltr'>mirum</span> <span class='ocrx_word' id='word_1_163' title='bbox 624 2987 693 3059; x_wconf 87' lang='lat' dir='ltr'>est,</span> <span class='ocrx_word' id='word_1_164' title='bbox 722 2978 753 3046; x_wconf 89' lang='lat' dir='ltr'>si</span> <span class='ocrx_word' id='word_1_165' title='bbox 775 2977 942 3047; x_wconf 87' lang='lat' dir='ltr'>Tulliana</span> <span class='ocrx_word' id='word_1_166' title='bbox 961 2996 1004 3047; x_wconf 89' lang='lat' dir='ltr'>ea</span> <span class='ocrx_word' id='word_1_167' title='bbox 1022 2993 1170 3047; x_wconf 91' lang='lat' dir='ltr'>morum</span> <span class='ocrx_word' id='word_1_168' title='bbox 1193 2980 1252 3047; x_wconf 93' lang='lat' dir='ltr'>in-</span> 
     </span>
     <span class='ocr_line' id='line_1_25' title="bbox 145 3091 1252 3184; baseline -0.002 -21"><span class='ocrx_word' id='word_1_169' title='bbox 145 3093 314 3178; x_wconf 89' lang='lat' dir='ltr'>stitutio,</span> <span class='ocrx_word' id='word_1_170' title='bbox 343 3103 558 3184; x_wconf 80' lang='lat' dir='ltr'>caeteraeque</span> <span class='ocrx_word' id='word_1_171' title='bbox 589 3092 756 3183; x_wconf 88' lang='lat' dir='ltr'>ejusdem</span> <span class='ocrx_word' id='word_1_172' title='bbox 785 3091 885 3163; x_wconf 90' lang='lat' dir='ltr'>modi</span> <span class='ocrx_word' id='word_1_173' title='bbox 920 3091 1144 3181; x_wconf 74' lang='lat' dir='ltr'>discipline,</span> <span class='ocrx_word' id='word_1_174' title='bbox 1169 3109 1252 3182; x_wconf 82' lang='lat' dir='ltr'>quae</span> 
     </span>
     <span class='ocr_line' id='line_1_26' title="bbox 145 3207 1252 3299; baseline -0.001 -21"><span class='ocrx_word' id='word_1_175' title='bbox 145 3210 287 3280; x_wconf 86' lang='lat' dir='ltr'>nullam</span> <span class='ocrx_word' id='word_1_176' title='bbox 300 3208 519 3299; x_wconf 84' lang='lat' dir='ltr'>ignobilium</span> <span class='ocrx_word' id='word_1_177' title='bbox 542 3224 823 3297; x_wconf 85' lang='lat' dir='ltr'>servorumque,</span> <span class='ocrx_word' id='word_1_178' title='bbox 845 3208 952 3297; x_wconf 86' lang='lat' dir='ltr'>quasi</span> <span class='ocrx_word' id='word_1_179' title='bbox 968 3207 1125 3277; x_wconf 86' lang='lat' dir='ltr'>humani</span> <span class='ocrx_word' id='word_1_180' title='bbox 1141 3225 1252 3295; x_wconf 76' lang='lat' dir='ltr'>geue·</span> 
     </span>
     <span class='ocr_line' id='line_1_27' title="bbox 144 3321 1252 3415; baseline -0.003 -22"><span class='ocrx_word' id='word_1_181' title='bbox 144 3324 196 3394; x_wconf 91' lang='lat' dir='ltr'>ris</span> <span class='ocrx_word' id='word_1_182' title='bbox 213 3334 335 3395; x_wconf 90' lang='lat' dir='ltr'>essent</span> <span class='ocrx_word' id='word_1_183' title='bbox 357 3334 542 3415; x_wconf 83' lang='lat' dir='ltr'>expertes,</span> <span class='ocrx_word' id='word_1_184' title='bbox 566 3341 694 3394; x_wconf 88' lang='lat' dir='ltr'>curam</span> <span class='ocrx_word' id='word_1_185' title='bbox 712 3321 917 3407; x_wconf 84' lang='lat' dir='ltr'>habebunt,</span> <span class='ocrx_word' id='word_1_186' title='bbox 934 3321 983 3392; x_wconf 85' lang='lat' dir='ltr'>ad</span> <span class='ocrx_word' id='word_1_187' title='bbox 994 3322 1145 3392; x_wconf 90' lang='lat' dir='ltr'>irritum</span> <span class='ocrx_word' id='word_1_188' title='bbox 1159 3323 1252 3393; x_wconf 84' lang='lat' dir='ltr'>ceci-</span> 
     </span>
     <span class='ocr_line' id='line_1_28' title="bbox 145 3438 1251 3528; baseline -0.002 -20"><span class='ocrx_word' id='word_1_189' title='bbox 145 3438 288 3510; x_wconf 80' lang='lat' dir='ltr'>derint?</span> <span class='ocrx_word' id='word_1_190' title='bbox 311 3440 456 3511; x_wconf 88' lang='lat' dir='ltr'>Partem</span> <span class='ocrx_word' id='word_1_191' title='bbox 474 3440 575 3511; x_wconf 88' lang='lat' dir='ltr'>enim</span> <span class='ocrx_word' id='word_1_192' title='bbox 593 3439 711 3509; x_wconf 87' lang='lat' dir='ltr'>multo</span> <span class='ocrx_word' id='word_1_193' title='bbox 731 3438 911 3528; x_wconf 86' lang='lat' dir='ltr'>majorem</span> <span class='ocrx_word' id='word_1_194' title='bbox 930 3438 1170 3509; x_wconf 88' lang='lat' dir='ltr'>humanitatis</span> <span class='ocrx_word' id='word_1_195' title='bbox 1187 3456 1251 3507; x_wconf 87' lang='lat' dir='ltr'>ex-</span> 
     </span>
     <span class='ocr_line' id='line_1_29' title="bbox 145 3553 1252 3646; baseline -0.002 -22"><span class='ocrx_word' id='word_1_196' title='bbox 145 3565 201 3624; x_wconf 87' lang='lat' dir='ltr'>tra</span> <span class='ocrx_word' id='word_1_197' title='bbox 215 3555 390 3626; x_wconf 88' lang='lat' dir='ltr'>virtutem</span> <span class='ocrx_word' id='word_1_198' title='bbox 417 3554 762 3646; x_wconf 53' lang='lat' dir='ltr'>reliquerant-frit</span> <span class='ocrx_word' id='word_1_199' title='bbox 778 3563 906 3624; x_wconf 90' lang='lat' dir='ltr'>contra</span> <span class='ocrx_word' id='word_1_200' title='bbox 924 3573 966 3623; x_wconf 90' lang='lat' dir='ltr'>ea</span> <span class='ocrx_word' id='word_1_201' title='bbox 979 3553 1164 3643; x_wconf 85' lang='lat' dir='ltr'>praecipua</span> <span class='ocrx_word' id='word_1_202' title='bbox 1181 3553 1252 3624; x_wconf 82' lang='lat' dir='ltr'>fuit</span> 
     </span>
     <span class='ocr_line' id='line_1_30' title="bbox 144 3668 1252 3760; baseline -0.001 -20"><span class='ocrx_word' id='word_1_203' title='bbox 144 3669 360 3742; x_wconf 73' lang='lat' dir='ltr'>Christiane</span> <span class='ocrx_word' id='word_1_204' title='bbox 385 3672 575 3760; x_wconf 81' lang='lat' dir='ltr'>religionis</span> <span class='ocrx_word' id='word_1_205' title='bbox 597 3670 709 3740; x_wconf 87' lang='lat' dir='ltr'>visae</span> <span class='ocrx_word' id='word_1_206' title='bbox 731 3668 860 3752; x_wconf 89' lang='lat' dir='ltr'>robur,</span> <span class='ocrx_word' id='word_1_207' title='bbox 880 3668 979 3758; x_wconf 92' lang='lat' dir='ltr'>quod</span> <span class='ocrx_word' id='word_1_208' title='bbox 1001 3687 1044 3738; x_wconf 92' lang='lat' dir='ltr'>ea</span> <span class='ocrx_word' id='word_1_209' title='bbox 1062 3669 1252 3739; x_wconf 86' lang='lat' dir='ltr'>universos</span> 
     </span>
     <span class='ocr_line' id='line_1_31' title="bbox 144 3782 1248 3877; baseline -0.002 -24"><span class='ocrx_word' id='word_1_210' title='bbox 144 3785 313 3857; x_wconf 90' lang='lat' dir='ltr'>homines</span> <span class='ocrx_word' id='word_1_211' title='bbox 327 3785 407 3877; x_wconf 92' lang='lat' dir='ltr'>pari</span> <span class='ocrx_word' id='word_1_212' title='bbox 424 3784 591 3868; x_wconf 90' lang='lat' dir='ltr'>caritate,</span> <span class='ocrx_word' id='word_1_213' title='bbox 607 3793 648 3855; x_wconf 92' lang='lat' dir='ltr'>ut</span> <span class='ocrx_word' id='word_1_214' title='bbox 661 3782 779 3854; x_wconf 91' lang='lat' dir='ltr'>Deum</span> <span class='ocrx_word' id='word_1_215' title='bbox 795 3783 931 3867; x_wconf 89' lang='lat' dir='ltr'>decuit,</span> <span class='ocrx_word' id='word_1_216' title='bbox 951 3783 1248 3872; x_wconf 89' lang='lat' dir='ltr'>amplecteretur.</span> 
     </span>
     <span class='ocr_line' id='line_1_32' title="bbox 145 3895 1253 3987; baseline -0.001 -19"><span class='ocrx_word' id='word_1_217' title='bbox 145 3898 244 3985; x_wconf 86' lang='lat' dir='ltr'>Quin</span> <span class='ocrx_word' id='word_1_218' title='bbox 263 3899 338 3970; x_wconf 92' lang='lat' dir='ltr'>imo</span> <span class='ocrx_word' id='word_1_219' title='bbox 357 3897 524 3969; x_wconf 89' lang='lat' dir='ltr'>Christus</span> <span class='ocrx_word' id='word_1_220' title='bbox 543 3917 722 3987; x_wconf 89' lang='lat' dir='ltr'>pauperes</span> <span class='ocrx_word' id='word_1_221' title='bbox 746 3905 784 3966; x_wconf 89' lang='lat' dir='ltr'>et</span> <span class='ocrx_word' id='word_1_222' title='bbox 801 3897 913 3966; x_wconf 88' lang='lat' dir='ltr'>vitam</span> <span class='ocrx_word' id='word_1_223' title='bbox 939 3896 979 3965; x_wconf 92' lang='lat' dir='ltr'>in</span> <span class='ocrx_word' id='word_1_224' title='bbox 1007 3895 1164 3967; x_wconf 90' lang='lat' dir='ltr'>obscuro</span> <span class='ocrx_word' id='word_1_225' title='bbox 1187 3896 1253 3967; x_wconf 91' lang='lat' dir='ltr'>de-</span> 
     </span>
     <span class='ocr_line' id='line_1_33' title="bbox 146 4010 1253 4106; baseline -0.001 -24"><span class='ocrx_word' id='word_1_226' title='bbox 146 4022 272 4101; x_wconf 83' lang='lat' dir='ltr'>gentes</span> <span class='ocrx_word' id='word_1_227' title='bbox 284 4033 359 4103; x_wconf 87' lang='lat' dir='ltr'>prae</span> <span class='ocrx_word' id='word_1_228' title='bbox 376 4013 517 4085; x_wconf 79' lang='lat' dir='ltr'>caeteris</span> <span class='ocrx_word' id='word_1_229' title='bbox 530 4012 675 4083; x_wconf 90' lang='lat' dir='ltr'>videtur</span> <span class='ocrx_word' id='word_1_230' title='bbox 690 4011 860 4082; x_wconf 84' lang='lat' dir='ltr'>dilexisse</span> <span class='ocrx_word' id='word_1_231' title='bbox 877 4010 929 4106; x_wconf 84' lang='lat' dir='ltr'>(l)</span> <span class='ocrx_word' id='word_1_232' title='bbox 944 4033 953 4080; x_wconf 76' lang='grc' dir='ltr'><strong><em>ε</em></strong></span> <span class='ocrx_word' id='word_1_233' title='bbox 968 4010 1016 4081; x_wconf 91' lang='lat' dir='ltr'>iis</span> <span class='ocrx_word' id='word_1_234' title='bbox 1031 4010 1165 4099; x_wconf 84' lang='lat' dir='ltr'>gaudet</span> <span class='ocrx_word' id='word_1_235' title='bbox 1178 4011 1253 4081; x_wconf 91' lang='lat' dir='ltr'>cir-</span> 
     </span>
    </p>
   </div>
   <div class='ocr_carea' id='block_1_3' title="bbox 145 4168 1253 4316">
    <p class='ocr_par' dir='ltr' id='par_1_4' title="bbox 145 4168 1253 4316">
     <span class='ocr_line' id='line_1_34' title="bbox 177 4168 1253 4236; baseline -0.005 -15"><span class='ocrx_word' id='word_1_236' title='bbox 177 4170 212 4235; x_wconf 86' lang='lat' dir='ltr'>(t)</span> <span class='ocrx_word' id='word_1_237' title='bbox 222 4172 319 4224; x_wconf 82' lang='lat' dir='ltr'>Gratius</span> <span class='ocrx_word' id='word_1_238' title='bbox 327 4174 381 4230; x_wconf 86' lang='lat' dir='ltr'>tibi,</span> <span class='ocrx_word' id='word_1_239' title='bbox 391 4177 470 4236; x_wconf 90' lang='lat' dir='ltr'>pater,</span> <span class='ocrx_word' id='word_1_240' title='bbox 482 4185 527 4235; x_wconf 76' lang='lat' dir='ltr'>ago</span> <span class='ocrx_word' id='word_1_241' title='bbox 536 4172 603 4235; x_wconf 90' lang='lat' dir='ltr'>quod</span> <span class='ocrx_word' id='word_1_242' title='bbox 612 4183 703 4221; x_wconf 76' lang='lat' dir='ltr'>orcum</span> <span class='ocrx_word' id='word_1_243' title='bbox 712 4183 741 4219; x_wconf 86' lang='lat' dir='ltr'>ea</span> <span class='ocrx_word' id='word_1_244' title='bbox 753 4169 914 4232; x_wconf 81' lang='lat' dir='ltr'>sapientibus,</span> <span class='ocrx_word' id='word_1_245' title='bbox 923 4169 1136 4232; x_wconf 82' lang='lat' dir='ltr'>prudentibusque</span> <span class='ocrx_word' id='word_1_246' title='bbox 1147 4168 1253 4218; x_wconf 88' lang='lat' dir='ltr'>abscou-</span> 
     </span>
     <span class='ocr_line' id='line_1_35' title="bbox 145 4247 785 4316; baseline -0.002 -15"><span class='ocrx_word' id='word_1_247' title='bbox 145 4253 205 4312; x_wconf 89' lang='lat' dir='ltr'>dlta,</span> <span class='ocrx_word' id='word_1_248' title='bbox 215 4252 325 4316; x_wconf 81' lang='lat' dir='ltr'>parvulis</span> <span class='ocrx_word' id='word_1_249' title='bbox 339 4258 423 4303; x_wconf 84' lang='lat' dir='ltr'>contra</span> <span class='ocrx_word' id='word_1_250' title='bbox 438 4252 550 4304; x_wconf 73' lang='lat' dir='ltr'>revelasti</span> <span class='ocrx_word' id='word_1_251' title='bbox 566 4250 659 4311; x_wconf 85' lang='lat' dir='ltr'>(liath.</span> <span class='ocrx_word' id='word_1_252' title='bbox 673 4250 719 4311; x_wconf 83' lang='lat' dir='ltr'>lil,</span> <span class='ocrx_word' id='word_1_253' title='bbox 734 4247 785 4312; x_wconf 80' lang='lat' dir='ltr'>tt).</span> 
     </span>
    </p>
   </div>
   <div class='ocr_carea' id='block_1_4' title="bbox 0 0 1500 4750">
    <p class='ocr_par' dir='ltr' id='par_1_5' title="bbox 0 0 1500 4750">
     <span class='ocr_line' id='line_1_36' title="bbox 0 0 1500 4750; baseline 0 0"><span class='ocrx_word' id='word_1_254' title='bbox 0 0 1500 4750; x_wconf 95' lang='lat' dir='ltr'> </span> 
     </span>
    </p>
   </div>
  </div>
 </body>
</html>
