2984 4750
681 229 873 299 ..52.„

226 406 387 489 matque.
420 398 557 467 «Nulla
574 396 695 479 enim,
720 397 913 480 exclamat,
940 399 1046 469 nobis
1069 401 1224 472 societas
1248 422 1335 473 cunr

226 548 240 576 ι
264 514 445 604 tyrannis,
465 514 529 583 sed
545 514 669 604 potius
684 531 830 583 summa
843 513 1034 586 distractio
1046 525 1125 598 est;
1144 536 1266 608 neque
1278 530 1336 590 est

228 661 240 692 »
265 639 394 700 contra
408 638 578 699 naturam
592 628 750 720 spoliare
768 647 874 711 enm,
894 629 925 698 si
937 630 1191 721 possis,quem
1205 633 1334 704 bones

228 777 241 807 ι
266 753 422 815 tumeat
446 764 578 815 necare
598 767 607 814 t
637 753 749 834 atque
770 744 840 813 hoc
856 762 967 814 omne
985 764 1100 833 genus
1117 748 1333 836 pestiferum

228 892 241 923 »
266 869 376 951 atque
401 860 560 950 impium
581 880 624 930 ex
652 860 846 931 bominum
874 861 1140 932 communitate
1158 865 1334 934 extermi-

227 1006 241 1039 ι
266 976 433 1047 nandum
446 973 599 1071 est(lll,
620 977 698 1067 6).»
721 975 921 1065 Quumque
934 975 1129 1048 interitum
1149 978 1272 1066 legum
1289 1000 1334 1049 ac

226 1091 407 1162 libertatis
427 1090 665 1161 acerbissimo
681 1110 767 1161 cum
789 1090 916 1163 dolore
931 1091 1119 1163 interdum
1140 1093 1331 1183 queritur,

226 1228 312 1278 eum
336 1207 382 1276 ad
407 1206 628 1296 Philippicas
647 1207 834 1278 orationes
849 1208 927 1297 jam
943 1208 1149 1297 praeludere
1166 1209 1301 1280 dixeris
1323 1237 1329 1272 :

226 1326 317 1396 adeo
341 1323 429 1395 totis
448 1323 669 1413 eloquentiae
692 1342 768 1393 snae
792 1323 954 1407 viribus,
977 1344 1059 1394 eam
1082 1324 1210 1414 patriae
1236 1326 1335 1396 cari-

225 1449 360 1523 tatem,
374 1457 586 1528 supremam
602 1438 778 1509 virtutem
791 1438 1059 1522 Romanorum,
1070 1439 1149 1529 jam
1164 1448 1203 1510 et
1215 1440 1334 1530 ipsam

226 1557 483 1644 languentem,
500 1554 539 1623 in
559 1552 696 1625 civium
713 1554 847 1623 animis
859 1555 1022 1625 refovere
1037 1557 1207 1625 conatur!

204 1701 208 1707 ·
275 1671 357 1760 lpse
375 1688 507 1759 nempe
524 1678 562 1740 et
580 1668 734 1739 ultimus
751 1668 1001 1740 Romanorum
1019 1670 1112 1738 alter
1127 1666 1201 1740 dici
1214 1672 1336 1760 potuit

226 1785 366 1856 Cicero.
392 1785 490 1871 Quid
511 1784 612 1853 enim
639 1783 677 1853 in
704 1783 846 1872 agendo
868 1784 1107 1854 scribendnve
1132 1786 1232 1856 aliud
1261 1786 1333 1858 sibi

227 1918 410 1991 unquam,
438 1918 549 1990 qnam
575 1916 656 1968 eam
686 1899 811 1970 Romae
842 1919 918 1971 suae
945 1901 1091 1971 laudem
1118 1902 1334 1992 proposuit?

226 2014 378 2106 Semper
391 2033 472 2083 eam
493 2023 646 2105 spectat,
659 2023 811 2105 totoque
824 2016 949 2085 animo
962 2017 1242 2106 complacitum
1258 2018 1335 2087 sive

225 2133 426 2225 perlectam
443 2131 601 2201 civitatis
630 2131 849 2219 imaginem,
870 2131 916 2199 ad
936 2131 1099 2201 Platonis
1124 2134 1331 2221 exemplar,

225 2247 446 2318 adumbrare
462 2246 567 2329 velit3
586 2265 651 2317 seu
665 2245 833 2315 divinum
851 2245 1035 2334 quoddam
1052 2245 1177 2333 legum
1198 2265 1334 2336 corpus

225 2363 435 2445 absolvere,
452 2381 534 2432 mox
551 2383 573 2430 a
589 2358 778 2451 proposito
790 2359 836 2430 ad
853 2363 1136 2452 contemplanda
1148 2363 1332 2453 maiorum

225 2477 395 2550 instituta
406 2476 650 2548 admiratione
662 2477 863 2546 retrahitur
876 2500 885 2560 ;
898 2497 967 2547 nec
979 2477 1270 2568 quidquamjam
1279 2499 1335 2549 ve·

225 2594 366 2666 teribus
379 2593 453 2664 illis
471 2592 658 2683 sacrisque
675 2592 755 2661 Xll.
778 2591 936 2680 Legibus
953 2595 1333 2683 praestantinsapponi

225 2712 420 2783 existimat.
429 2708 579 2796 —Quod
592 2709 623 2778 si
635 2708 795 2798 deniqne
804 2708 843 2778 in
860 2709 1213 2781 tractandiscaeteris
1223 2711 1335 2781 rebus

226 2827 415 2898 interdum
430 2826 626 2896 fluctuasse
644 2824 802 2906 videtur,
819 2824 856 2893 in
874 2845 916 2895 ea
933 2844 1020 2896 vero
1037 2826 1164 2915 patriae
1181 2828 1335 2896 caritate

225 2941 358 3013 inlisus
369 2943 416 3012 ad
424 2949 631 3011 extremum
644 2940 847 3031 permansit
864 2960 1043 3031 :eumque
1056 2941 1236 3025 videmus,
1248 2961 1333 3011 cnm

224 3060 301 3149 jam
329 3078 372 3129 ex
402 3057 681 3128 interfectorum
710 3056 883 3126 manibus
910 3057 1101 3139 evasisset,
1129 3066 1253 3127 tamen
1276 3077 1335 3126 re-

227 3175 355 3259 diisse,
374 3175 412 3244 in
427 3174 545 3263 patria
559 3174 688 3243 saltem
705 3190 801 3262 saepe
814 3181 956 3242 servata
972 3173 1207 3243 moriturum.

277 3289 347 3361 Sed
361 3308 448 3360 eum
465 3298 642 3378 praeterea
660 3287 992 3377 purissimorum,
1013 3289 1077 3378 qui
1095 3286 1283 3378 quondam
1295 3287 1334 3357 in

229 3403 622 3494 angustioribnsunins
639 3402 741 3473 urbis
759 3402 895 3473 linibus
906 3402 1165 3473 continebatur
1176 3455 1185 3486 ,
1198 3392 1245 3473 a'd
1256 3421 1336 3472 ma-

224 3522 287 3612 jus
300 3517 440 3609 aliquid
452 3518 530 3608 jam
548 3516 814 3607 excelsiusque,
824 3536 899 3606 quo
918 3516 1034 3604 magis
1050 3517 1336 3606 creveritimpe·

229 3637 347 3718 dum,
376 3633 541 3705 converti
563 3632 699 3703 sensim
721 3651 764 3702 ac
787 3631 934 3701 dilatari
955 3632 993 3701 in
1019 3631 1207 3703 Ciceronis
1232 3632 1337 3702 libris

230 3751 363 3822 videns.
389 3748 633 3820 iamdudum
657 3747 759 3818 enim
785 3746 900 3817 Roma
925 3746 1016 3817 Latii
1038 3746 1234 3830 terminos,
1258 3748 1337 3838 jam

231 3867 347 3938 lnbae
358 3873 583 3947 excesseram
598 3864 677 3954 jam
689 3862 875 3933 civitatem
887 3862 932 3931 ad
946 3862 1338 3934 extremosorbisfines

231 3982 488 4073 mulctaverat,
503 3979 737 4067 ininsamque
754 3977 868 4048 ferme
877 3994 1028 4047 omnem
1037 3976 1338 4068 peregrinitatem

231 4098 271 4167 in
281 4096 367 4185 iura
379 4114 445 4166 sua
460 4102 654 4185 exceperat
672 4116 680 4163 :
703 4093 790 4162 inde
808 4110 938 4162 rursus
954 4111 1103 4163 necesse
1119 4101 1220 4177 erat,
1240 4101 1283 4164 ut
1294 4111 1338 4163 ea

233 4209 396 4281 caritatis
413 4207 568 4280 societas
590 4210 715 4299 plures
736 4207 905 4278 homines
929 4207 1129 4295 gradatim,
1155 4217 1338 4280 actutum
