2984 4750
734 207 925 290 -u-

267 400 339 469 que
349 381 545 455 Carneadis
558 392 595 455 et
606 381 776 453 Arcesilai
790 382 996 475 doctrinam
1007 383 1053 453 ad
1066 384 1292 465 Platonicam
1306 380 1381 467 ori-

267 497 391 583 ginem
406 517 577 567 revocare
595 496 849 565 conabantur:
868 507 905 566 et
918 496 1084 586 quaedam
1104 499 1235 573 saltem
1247 502 1382 592 quibus

267 611 442 698 sapientis
457 612 529 681 vita
545 621 736 699 regeretur
750 612 953 700 probabilia
970 631 1049 682 esse
1063 615 1267 690 voluerant.
1283 615 1381 702 Quos

268 725 526 821 ducesitaqne,
541 726 1016 814 ineaeterisquaestionibus‚
1028 728 1261 816 potissimum
1271 739 1382 811 secta-

268 840 378 910 batur
395 838 543 929 cicero,
565 840 618 909 illi
637 860 770 929 nempe
784 841 884 922 viro,
905 861 1015 931 quem
1032 843 1125 913 adeo
1142 863 1287 933 semper
1305 864 1381 923 mo·

268 954 467 1025 derationis
498 964 683 1026 amantem
708 954 896 1038 novimus,
927 976 968 1024 ea
991 957 1030 1033 in
1058 957 1188 1047 primis
1215 957 1382 1048 placebat

268 1069 549 1159 philosophandi
579 1069 838 1150 mediocritas,
882 1089 965 1158 quae
996 1068 1160 1141 medium
1190 1073 1382 1160 'quoddam

269 1185 473 1257 contrarias
495 1184 592 1254 inter
629 1194 815 1254 sectarum
836 1185 1028 1274 opiniones
1060 1188 1249 1257 retineret.
1283 1187 1327 1258 lt
1351 1190 1382 1267 si

271 1299 358 1393 qnid
371 1301 447 1389 jam
466 1301 510 1369 de
525 1300 597 1367 rita
615 1298 901 1389 moribusquein
916 1299 1205 1389 disputationem
1219 1304 1312 1383 [orte
1325 1303 1380 1372 in-

271 1413 487 1495 tercideret,
517 1422 596 1482 tum
621 1422 763 1483 remota
775 1412 989 1499 Academica
1002 1410 1255 1499 dubitatione,
1281 1417 1379 1493 idem

271 1530 422 1599 stoicam
453 1528 627 1598 virtutem
660 1528 746 1597 totis
783 1528 921 1597 viribus
940 1530 1241 1618 amplectebatur,
1278 1510 1380 1602 ador-

271 1644 381 1717 nabat
413 1643 642 1733 eloquentia,
670 1652 707 1713 et
737 1642 939 1711 tuebatur:
971 1662 1083 1732 seque
1107 1652 1224 1714 totum
1248 1646 1293 1725 ad
1319 1647 1383 1727 tir-

270 1759 427 1827 miorem
436 1756 622 1827 Posidonii
636 1757 693 1825 sui
707 1755 940 1845 disciplinam
950 1759 1199 1841 convertebat,
1217 1779 1302 1848 quae
1308 1761 1383 1841 sola

273 1881 328 1941 tot
344 1873 442 1940 inter
458 1871 606 1951 ruinas,
627 1870 766 1960 aliquid
779 1871 871 1940 certi
885 1890 1047 1942 servasse
1060 1871 1263 1957 videbatur.

322 1985 388 2054 lll.
412 1985 510 2056 Dura
527 1986 585 2054 lex
601 1996 682 2056 erat
699 1984 922 2067 Stoicorum,
943 1988 1149 2076 acerbaque
1168 1990 1311 2065 vivendi
1324 1990 1380 2058 in-¹

273 2102 436 2182 stitutio;
455 2110 492 2169 at
506 2100 630 2170 solidis
652 2102 783 2181 saltem
798 2120 839 2168 ea
857 2105 997 2195 dippum
1008 2102 1237 2171 innitebatur
1254 2126 1262 2170 z
1282 2123 1382 2185 eam-

272 2237 345 2311 que
371 2227 546 2305 tanquam
566 2216 735 2301 stabilem
761 2234 892 2305 rupem
929 2234 1061 2302 magno
1082 2218 1206 2287 animo
1231 2237 1382 2307 prensa-

273 2332 362 2401 bant
384 2332 609 2421 quicumque
632 2332 684 2400 sic
714 2332 752 2398 in
778 2330 892 2399 dubio
912 2330 1091 2401 fluctuare
1120 2332 1261 2404 diutius
1287 2352 1382 2422 agre

273 2447 422 2524 ferrent.

322 2559 504 2630 Caeterum
532 2559 651 2629 Stoica
675 2561 869 2629 austeritas
896 2560 1081 2648 aptissime
1100 2581 1188 2631 cum
1209 2562 1383 2644 Romanor

272 2675 406 2743 indolis
430 2674 605 2762 gravitate
631 2674 869 2761 congruebat.
910 2674 1084 2745 Romanis
1107 2676 1207 2744 enim
1239 2695 1384 2746 summa

273 2789 389 2858 virtus
409 2788 612 2856 habebatur
637 2788 676 2856 in
695 2789 893 2857 obtinenda
912 2790 1027 2858 animi
1050 2792 1255 2859 constantia
1278 2791 1385 2859 habi-

273 2913 406 2993 tusque
424 2904 612 2990 dignitate.
637 2904 762 2993 Neque
782 2904 925 2993 patricii
941 2915 1109 2986 tantum,
1130 2906 1193 2974 sed
1203 2904 1385 2991 ignobiles

273 3038 421 3109 quoque
439 3018 500 3088 isti
521 3028 557 3087 et
577 3039 620 3088 ex
642 3019 769 3088 infimo
793 3018 921 3088 ordine
941 3021 1132 3102 homineS,
1159 3020 1223 3108 qui
1239 3037 1277 3087 se
1290 3038 1386 3107 quo-

273 3135 363 3205 tidie
390 3134 556 3221 gentium
582 3133 752 3202 dominos
785 3133 1038 3222 populumque
1068 3135 1224 3223 imperio
1254 3142 1384 3204 natum

268 3249 450 3338 appellari
475 3248 700 3329 audiebant,
720 3250 766 3317 ad
788 3249 1042 3319 sustinendam
1061 3269 1143 3320 eam
1163 3268 1382 3338 personam,

269 3362 464 3450 magnifice
478 3361 621 3432 vultum
633 3414 642 3443 ,
653 3381 798 3444 vocem,
815 3382 957 3451 pannos
967 3364 1247 3454 componebant.
1263 3362 1384 3448 Quarti

268 3479 314 3547 ad
328 3477 504 3547 tuendam
514 3475 731 3562 dignitatem
745 3498 765 3544 a
777 3478 900 3566 pueris
913 3478 1204 3550 instituebantur
1216 3500 1224 3544 :
1237 3497 1385 3566 semper

271 3592 375 3662 Bruti
393 3591 596 3679 Regulique
622 3594 832 3680 exemplum
851 3593 922 3661 sibi
946 3602 1031 3663 ante
1055 3595 1182 3663 oculos
1206 3611 1387 3680 propone-

272 3709 380 3796 bant3
393 3726 513 3794 neque
534 3706 621 3775 satis
634 3706 676 3792 Q.
692 3707 850 3791 Maximi,
860 3707 903 3777 M.
912 3726 953 3777 ve
961 3705 1109 3777 Catonis
1124 3705 1383 3784 fortitudinem

272 3824 350 3893 sine
370 3822 458 3890 fletu
483 3820 578 3891 lilios
598 3822 810 3891 consulares
827 3817 1058 3895 efferentium
1075 3830 1246 3910 poteraut
1262 3820 1380 3889 admi·

272 3938 357 4008 rari.
384 3937 572 4023 Quantum
605 3937 719 4024 igitur
755 3936 938 4007 ferocibus
974 3936 1031 4005 bis
1056 3936 1295 4020 bominibuS,
1339 3958 1384 4005 ac

273 4053 477 4146 prasertim
500 4070 648 4124 morum
667 4061 832 4126 veterum
847 4051 1113 4134 sectatoribus,
1133 4051 1304 4122 sublimis
1319 4052 1384 4120 illa

273 4169 367 4240 Stoae
385 4167 577 4256 disciplina
603 4166 731 4237 debuit
753 4167 974 4255 approbari,
995 4186 1078 4255 quae
1101 4167 1306 4258 sapientem
1324 4187 1384 4238 su-
