2984 4750
578 239 768 309 43..

125 406 247 478 miuus
265 406 479 477 Ciceronem
496 414 666 475 nostrum
683 404 853 493 antiquas
874 403 1030 475 virtutes
1047 404 1125 494 jum
1141 401 1233 474 refo-

125 538 208 591 vere
227 520 437 592 studentem
452 573 461 602 ‚
475 504 798 619 detinere'debuit.

174 634 222 703 ll.
252 634 326 704 Nec
351 633 468 722 magis
499 633 539 704 in
570 618 772 702 Academiae
795 631 1017 717 curriculis,
1050 631 1095 701 de
1129 650 1232 702 more

125 766 208 832 suo,
240 748 370 818 Noster
387 757 636 819 commoratus
655 756 734 831 est,
759 749 857 818 unde
875 747 927 816 nil
950 746 1042 817 certi
1063 747 1108 816 ad
1124 747 1233 816 insti-

125 862 300 934 tuendam
310 844 405 933 hanc
420 882 567 933 morum
578 861 813 952 disciplinam
829 861 1026 951 decerpere
1040 861 1230 951 potuisset.

125 976 313 1061 Quantum
331 978 430 1047 enim
449 977 655 1048 Academici
672 986 710 1048 et
729 978 962 1066 Peripatetici
976 976 1023 1046 ab
1041 988 1235 1048 auctorum

124 1108 277 1161 suorum
301 1091 408 1162 laude
433 1101 471 1161 et
498 1092 670 1161 instituto.
690 1112 774 1162 mox
801 1091 1054 1176 discesserint,
1077 1101 1133 1162 sat
1157 1111 1236 1165 om·

125 1204 235 1275 nibus
264 1215 507 1295 compertum.
541 1205 747 1276 Academici
774 1205 943 1295 quidem,
980 1208 1080 1276 velut
1104 1206 1236 1277 decisis

125 1321 284 1391 humiles
296 1322 440 1411 pennis,
455 1321 672 1411 desertaque
686 1319 870 1390 Socratica
887 1321 1060 1403 sanitate,
1076 1331 1236 1392 servata·

125 1455 197 1526 que
216 1444 361 1505 tantum
378 1436 537 1526 quadam
551 1435 698 1505 dicendi
715 1435 919 1505 subtilitate
938 1437 1148 1518 Platonica,
1167 1436 1235 1506 toti

125 1570 165 1620 se
197 1551 242 1620 ad
259 1550 526 1635 dubitandum,
560 1548 884 1640 labefactandaque
913 1560 1046 1620 cuncta
1073 1551 1235 1621 scientiae

124 1664 362 1737 fundamenta
379 1668 613 1736 contulerant
634 1687 643 1734 ι
672 1665 906 1755 Peripatetici
924 1685 1032 1750 vero,
1059 1665 1179 1736 orbati
1195 1667 1237 1736 li·

124 1780 203 1850 bris
225 1778 427 1851 Aristotelis
450 1790 488 1850 et
506 1780 774 1870 Theophrasti,
800 1780 1008 1871 horumque
1032 1781 1236 1852 luminibus

125 1903 163 1965 et
179 1894 337 1982 ingeniis
354 1896 517 1984 singulas
534 1904 571 1965 et
588 1895 778 1966 universas
795 1895 1009 1985 disciplinas
1023 1907 1237 1967 consectan-

125 2009 248 2093 tibus,
277 2010 543 2100 communique
567 2011 714 2081 vinculo
735 2011 1014 2099 copulantibus‚
1037 2018 1079 2080 ut
1101 2012 1153 2082 ita
1180 2012 1238 2081 di-

123 2145 227 2210 cam,
247 2125 435 2209 destituti,
457 2126 633 2197 interiore
647 2126 758 2216 hujus
772 2124 1012 2214 philosophiae
1028 2127 1237 2214 cognitione

125 2241 321 2325 carebant,
351 2251 462 2331 atque
490 2251 666 2331 tanquam
694 2241 809 2330 spinis
831 2240 1020 2310 haerebant
1045 2241 1237 2312 exterioris

126 2354 315 2426 doctrinae.
335 2355 470 2425 Parum
483 2355 597 2444 igitur
610 2355 736 2444 gratiae
751 2356 789 2425 bi
805 2355 929 2426 Romae
944 2354 1149 2427 obtinuere.
1168 2355 1237 2427 Sed
1251 2408 1257 2416 .

127 2470 351 2542 Academicis
375 2473 505 2540 saltem
526 2472 621 2540 mira
642 2471 804 2541 restabat
820 2472 860 2539 in
886 2470 1041 2541 dicendo
1066 2472 1235 2550 ubertas,

125 2606 200 2676 qua
214 2586 369 2655 Romani
382 2595 456 2655 non
474 2596 638 2656 oratores
652 2587 783 2669 modo,
799 2587 862 2656 sed
879 2587 990 2655 etiam
1008 2586 1165 2675 quisque
1177 2587 1237 2656 in-

128 2701 236 2788 genio
246 2720 466 2792 morumque
477 2701 658 2789 elegantia
668 2700 995 2790 praestautissimus
1009 2700 1240 2771 delectaban-

124 2827 200 2885 tur.
219 2816 433 2886 huculeutis
444 2816 503 2885 his
513 2816 717 2885 Academiae
735 2816 1065 2906 disceptationibus
1080 2816 1239 2903 gaudere

124 2930 164 3001 L.
186 2929 355 2999 Lucullus
371 2931 410 2998 in
428 2930 557 3020 primis
571 2930 774 3000 dicebatur.
798 2930 968 3000 Placebat
985 2950 1072 3000 saue
1086 2930 1138 3000 Μ.
1155 2932 1235 3001 Ter.

129 3039 312 3125 Varroni,
333 3033 601 3114 litteratissimo
619 3044 716 3125 viro,
746 3063 789 3112 ea
813 3043 989 3112 doctrinae
1010 3044 1165 3112 varietas
1183 3051 1241 3110 at-

127 3176 202 3246 que
215 3156 456 3247 abundantia,
473 3159 526 3230 M.
546 3168 671 3230 autem
682 3163 790 3227 Bruto
806 3158 1005 3228 Platonicae
1020 3156 1241 3246 eloquentiae

126 3270 336 3353 excelsitas;
357 3281 395 3341 at
406 3274 448 3341 C.
469 3275 563 3343 Aur.
577 3274 690 3354 Cotto,
705 3292 817 3361 quem
835 3272 1058 3361 Epicureum
1075 3291 1113 3340 se
1128 3271 1240 3361 proii-

126 3386 198 3454 teri
213 3385 420 3474 puduisset,
436 3379 626 3457 honestius
635 3388 721 3457 iude
735 3407 870 3457 nomen
881 3388 1132 3458 mutuabatur.
1144 3386 1241 3472 Quid

127 3519 215 3570 vero
242 3510 298 3572 tot
326 3502 417 3571 alios
438 3502 570 3572 addam
595 3504 757 3574 illustres
780 3506 904 3586 viros,
926 3504 991 3593 qui
1016 3503 1055 3572 in
1081 3502 1139 3572 his
1159 3501 1241 3571 Aca·

128 3613 260 3684 demiae
296 3616 397 3686 silvis
433 3618 604 3687 decoram
632 3617 735 3706 Reip.
780 3617 947 3705 gerendae
984 3617 1241 3685 remissionem

126 3730 366 3819 quaerebant?
389 3732 475 3803 Post
493 3742 546 3802 tot
566 3733 750 3821 bellorum
763 3733 930 3802 civilium
947 3732 1044 3801 vices
1057 3784 1066 3813 ,
1081 3730 1241 3800 defessos

125 3846 200 3933 jam
230 3845 466 3936 incertosque
488 3848 683 3937 plerosque
708 3848 860 3936 iuvabat
886 3847 1049 3935 speciosa
1071 3865 1113 3914 ea
1133 3843 1241 3915 dubi·

129 3960 230 4030 tandi
249 3961 403 4031 scientia
420 3963 665 4051 acquiescere.

177 4075 398 4164 Quanquam
410 4076 611 4148 Antiochus
625 4073 1242 4157 etPhilouharissaeus,novissimae

126 4173 332 4260 Academiae
351 4193 539 4279 magistri,
573 4191 817 4262 adulteratam
840 4191 948 4260 istam
972 4188 1240 4259 remissiorem·
