<?xml version="1.0" encoding="UTF-8"?>
<!DOCTYPE html PUBLIC "-//W3C//DTD XHTML 1.0 Transitional//EN"
    "http://www.w3.org/TR/xhtml1/DTD/xhtml1-transitional.dtd">
<html xmlns="http://www.w3.org/1999/xhtml" xml:lang="en" lang="en">
 <head>
  <title>
</title>
<meta http-equiv="Content-Type" content="text/html;charset=utf-8" />
  <meta name='ocr-system' content='tesseract 3.04.00' />
  <meta name='ocr-capabilities' content='ocr_page ocr_carea ocr_par ocr_line ocrx_word'/>
</head>
<body>
  <div class='ocr_page' id='page_1' title='image "./historicademtci00benogoog_0070.png"; bbox 0 0 2984 4750; ppageno 0'>
   <div class='ocr_carea' id='block_1_1' title="bbox 651 221 844 298">
    <p class='ocr_par' dir='ltr' id='par_1_1' title="bbox 651 221 844 298">
     <span class='ocr_line' id='line_1_1' title="bbox 651 221 844 298; baseline 0 -25"><span class='ocrx_word' id='word_1_1' title='bbox 651 221 844 298; x_wconf 86' lang='lat' dir='ltr'>-lo-</span> 
     </span>
    </p>
   </div>
   <div class='ocr_carea' id='block_1_2' title="bbox 144 387 1316 3360">
    <p class='ocr_par' dir='ltr' id='par_1_2' title="bbox 188 387 1309 2203">
     <span class='ocr_line' id='line_1_2' title="bbox 192 387 1303 480; baseline 0.005 -25"><span class='ocrx_word' id='word_1_2' title='bbox 192 387 282 471; x_wconf 89' lang='lat' dir='ltr'>niti,</span> <span class='ocrx_word' id='word_1_3' title='bbox 299 407 454 478; x_wconf 88' lang='lat' dir='ltr'>eamque</span> <span class='ocrx_word' id='word_1_4' title='bbox 468 397 645 480; x_wconf 89' lang='lat' dir='ltr'>tanquam</span> <span class='ocrx_word' id='word_1_5' title='bbox 658 397 811 469; x_wconf 88' lang='lat' dir='ltr'>testem,</span> <span class='ocrx_word' id='word_1_6' title='bbox 828 388 904 458; x_wconf 91' lang='lat' dir='ltr'>imo</span> <span class='ocrx_word' id='word_1_7' title='bbox 916 394 1094 477; x_wconf 82' lang='lat' dir='ltr'>tanquam</span> <span class='ocrx_word' id='word_1_8' title='bbox 1110 391 1243 473; x_wconf 88' lang='lat' dir='ltr'>Deum,</span> <span class='ocrx_word' id='word_1_9' title='bbox 1262 391 1303 460; x_wconf 87' lang='lat' dir='ltr'>in</span> 
     </span>
     <span class='ocr_line' id='line_1_3' title="bbox 191 503 1303 595; baseline 0.003 -24"><span class='ocrx_word' id='word_1_10' title='bbox 191 503 1303 595; x_wconf 84' lang='lat' dir='ltr'>omnibusrebusadmovere.Sedtamenquaejamessepossit</span> 
     </span>
     <span class='ocr_line' id='line_1_4' title="bbox 192 619 1303 711; baseline 0.003 -23"><span class='ocrx_word' id='word_1_11' title='bbox 192 638 332 689; x_wconf 80' lang='lat' dir='ltr'>mancae</span> <span class='ocrx_word' id='word_1_12' title='bbox 355 620 461 690; x_wconf 88' lang='lat' dir='ltr'>istius</span> <span class='ocrx_word' id='word_1_13' title='bbox 479 619 712 691; x_wconf 74' lang='lat' dir='ltr'>conscientiae</span> <span class='ocrx_word' id='word_1_14' title='bbox 732 620 952 702; x_wconf 80' lang='lat' dir='ltr'>auctoritas,</span> <span class='ocrx_word' id='word_1_15' title='bbox 972 620 1051 691; x_wconf 88' lang='lat' dir='ltr'>nisi</span> <span class='ocrx_word' id='word_1_16' title='bbox 1070 621 1129 689; x_wconf 91' lang='lat' dir='ltr'>Dii</span> <span class='ocrx_word' id='word_1_17' title='bbox 1150 621 1221 711; x_wconf 91' lang='lat' dir='ltr'>ipsi</span> <span class='ocrx_word' id='word_1_18' title='bbox 1238 640 1303 691; x_wconf 91' lang='lat' dir='ltr'>su-</span> 
     </span>
     <span class='ocr_line' id='line_1_5' title="bbox 192 734 1301 824; baseline 0.004 -24"><span class='ocrx_word' id='word_1_19' title='bbox 192 753 306 823; x_wconf 86' lang='lat' dir='ltr'>perne</span> <span class='ocrx_word' id='word_1_20' title='bbox 324 734 580 819; x_wconf 79' lang='lat' dir='ltr'>adhibeantur,</span> <span class='ocrx_word' id='word_1_21' title='bbox 595 735 779 806; x_wconf 90' lang='lat' dir='ltr'>bonorum</span> <span class='ocrx_word' id='word_1_22' title='bbox 806 736 1064 824; x_wconf 90' lang='lat' dir='ltr'>malorumque</span> <span class='ocrx_word' id='word_1_23' title='bbox 1088 745 1301 806; x_wconf 89' lang='lat' dir='ltr'>nostrorum</span> 
     </span>
     <span class='ocr_line' id='line_1_6' title="bbox 188 848 1302 940; baseline 0 -21"><span class='ocrx_word' id='word_1_24' title='bbox 188 848 421 939; x_wconf 86' lang='lat' dir='ltr'>judices,pro</span> <span class='ocrx_word' id='word_1_25' title='bbox 434 849 578 920; x_wconf 85' lang='lat' dir='ltr'>meritis</span> <span class='ocrx_word' id='word_1_26' title='bbox 587 869 773 940; x_wconf 87' lang='lat' dir='ltr'>quemque</span> <span class='ocrx_word' id='word_1_27' title='bbox 782 849 1189 936; x_wconf 80' lang='lat' dir='ltr'>remuneraturitQuot</span> <span class='ocrx_word' id='word_1_28' title='bbox 1200 850 1302 919; x_wconf 91' lang='lat' dir='ltr'>enim</span> 
     </span>
     <span class='ocr_line' id='line_1_7' title="bbox 192 957 1306 1054; baseline 0.001 -20"><span class='ocrx_word' id='word_1_29' title='bbox 192 973 278 1034; x_wconf 89' lang='lat' dir='ltr'>sunt</span> <span class='ocrx_word' id='word_1_30' title='bbox 294 964 579 1054; x_wconf 89' lang='lat' dir='ltr'>homines,quos</span> <span class='ocrx_word' id='word_1_31' title='bbox 595 984 661 1034; x_wconf 91' lang='lat' dir='ltr'>sua</span> <span class='ocrx_word' id='word_1_32' title='bbox 673 965 841 1053; x_wconf 88' lang='lat' dir='ltr'>ipsorum</span> <span class='ocrx_word' id='word_1_33' title='bbox 854 957 1072 1047; x_wconf 85' lang='lat' dir='ltr'>reverentia,</span> <span class='ocrx_word' id='word_1_34' title='bbox 1092 960 1205 1035; x_wconf 89' lang='lat' dir='ltr'>nullis</span> <span class='ocrx_word' id='word_1_35' title='bbox 1221 965 1306 1035; x_wconf 89' lang='lat' dir='ltr'>aliis</span> 
     </span>
     <span class='ocr_line' id='line_1_8' title="bbox 192 1078 1304 1170; baseline 0.001 -23"><span class='ocrx_word' id='word_1_36' title='bbox 192 1080 439 1163; x_wconf 88' lang='lat' dir='ltr'>adminiculis,</span> <span class='ocrx_word' id='word_1_37' title='bbox 456 1099 521 1170; x_wconf 92' lang='lat' dir='ltr'>per</span> <span class='ocrx_word' id='word_1_38' title='bbox 538 1099 577 1149; x_wconf 91' lang='lat' dir='ltr'>se</span> <span class='ocrx_word' id='word_1_39' title='bbox 591 1079 678 1149; x_wconf 92' lang='lat' dir='ltr'>satis</span> <span class='ocrx_word' id='word_1_40' title='bbox 690 1078 855 1168; x_wconf 86' lang='lat' dir='ltr'>jubendo</span> <span class='ocrx_word' id='word_1_41' title='bbox 869 1078 914 1147; x_wconf 91' lang='lat' dir='ltr'>ad</span> <span class='ocrx_word' id='word_1_42' title='bbox 931 1079 1095 1150; x_wconf 87' lang='lat' dir='ltr'>officium</span> <span class='ocrx_word' id='word_1_43' title='bbox 1112 1089 1229 1162; x_wconf 89' lang='lat' dir='ltr'>vocet,</span> <span class='ocrx_word' id='word_1_44' title='bbox 1245 1100 1304 1148; x_wconf 85' lang='lat' dir='ltr'>ve-</span> 
     </span>
     <span class='ocr_line' id='line_1_9' title="bbox 192 1193 1304 1283; baseline 0 -21"><span class='ocrx_word' id='word_1_45' title='bbox 192 1193 378 1283; x_wconf 88' lang='lat' dir='ltr'>tandoque</span> <span class='ocrx_word' id='word_1_46' title='bbox 392 1212 538 1283; x_wconf 84' lang='lat' dir='ltr'>semper</span> <span class='ocrx_word' id='word_1_47' title='bbox 549 1193 705 1263; x_wconf 83' lang='lat' dir='ltr'>airaude</span> <span class='ocrx_word' id='word_1_48' title='bbox 720 1194 917 1276; x_wconf 83' lang='lat' dir='ltr'>deterreat,</span> <span class='ocrx_word' id='word_1_49' title='bbox 934 1193 965 1263; x_wconf 89' lang='lat' dir='ltr'>si</span> <span class='ocrx_word' id='word_1_50' title='bbox 978 1194 1128 1264; x_wconf 89' lang='lat' dir='ltr'>tollatur</span> <span class='ocrx_word' id='word_1_51' title='bbox 1140 1193 1304 1264; x_wconf 86' lang='lat' dir='ltr'>Deorum</span> 
     </span>
     <span class='ocr_line' id='line_1_10' title="bbox 193 1307 1306 1399; baseline 0.001 -22"><span class='ocrx_word' id='word_1_52' title='bbox 193 1317 335 1391; x_wconf 87' lang='lat' dir='ltr'>metus,</span> <span class='ocrx_word' id='word_1_53' title='bbox 362 1328 430 1379; x_wconf 89' lang='lat' dir='ltr'>nec</span> <span class='ocrx_word' id='word_1_54' title='bbox 459 1308 529 1377; x_wconf 91' lang='lat' dir='ltr'>alia</span> <span class='ocrx_word' id='word_1_55' title='bbox 556 1308 706 1379; x_wconf 90' lang='lat' dir='ltr'>monitis</span> <span class='ocrx_word' id='word_1_56' title='bbox 725 1308 866 1378; x_wconf 88' lang='lat' dir='ltr'>sanctio</span> <span class='ocrx_word' id='word_1_57' title='bbox 884 1307 1099 1397; x_wconf 82' lang='lat' dir='ltr'>adjiciatur,</span> <span class='ocrx_word' id='word_1_58' title='bbox 1126 1329 1238 1399; x_wconf 91' lang='lat' dir='ltr'>quam</span> <span class='ocrx_word' id='word_1_59' title='bbox 1263 1318 1306 1378; x_wconf 90' lang='lat' dir='ltr'>ut</span> 
     </span>
     <span class='ocr_line' id='line_1_11' title="bbox 193 1406 1306 1514; baseline 0.001 -22"><span class='ocrx_word' id='word_1_60' title='bbox 193 1422 313 1493; x_wconf 93' lang='lat' dir='ltr'>bonus</span> <span class='ocrx_word' id='word_1_61' title='bbox 333 1406 557 1493; x_wconf 64' lang='lat' dir='ltr'>sua‘iirtute</span> <span class='ocrx_word' id='word_1_62' title='bbox 579 1423 753 1511; x_wconf 85' lang='lat' dir='ltr'>gaudeat,</span> <span class='ocrx_word' id='word_1_63' title='bbox 782 1423 1013 1512; x_wconf 91' lang='lat' dir='ltr'>impiumque</span> <span class='ocrx_word' id='word_1_64' title='bbox 1039 1424 1097 1492; x_wconf 90' lang='lat' dir='ltr'>sui</span> <span class='ocrx_word' id='word_1_65' title='bbox 1118 1442 1306 1514; x_wconf 89' lang='lat' dir='ltr'>quemque</span> 
     </span>
     <span class='ocr_line' id='line_1_12' title="bbox 193 1539 1307 1628; baseline 0 -21"><span class='ocrx_word' id='word_1_66' title='bbox 193 1539 341 1607; x_wconf 85' lang='lat' dir='ltr'>sceleris</span> <span class='ocrx_word' id='word_1_67' title='bbox 366 1540 571 1610; x_wconf 86' lang='lat' dir='ltr'>recordatio</span> <span class='ocrx_word' id='word_1_68' title='bbox 593 1539 773 1628; x_wconf 81' lang='lat' dir='ltr'>exagitet?</span> <span class='ocrx_word' id='word_1_69' title='bbox 796 1540 976 1609; x_wconf 85' lang='lat' dir='ltr'>Praeclara</span> <span class='ocrx_word' id='word_1_70' title='bbox 993 1549 1117 1609; x_wconf 89' lang='lat' dir='ltr'>autem</span> <span class='ocrx_word' id='word_1_71' title='bbox 1140 1539 1205 1608; x_wconf 93' lang='lat' dir='ltr'>illa</span> <span class='ocrx_word' id='word_1_72' title='bbox 1229 1559 1307 1609; x_wconf 83' lang='lat' dir='ltr'>suae</span> 
     </span>
     <span class='ocr_line' id='line_1_13' title="bbox 195 1653 1307 1744; baseline 0.002 -22"><span class='ocrx_word' id='word_1_73' title='bbox 195 1653 428 1724; x_wconf 85' lang='lat' dir='ltr'>conscientiae</span> <span class='ocrx_word' id='word_1_74' title='bbox 442 1655 584 1742; x_wconf 90' lang='lat' dir='ltr'>religio,</span> <span class='ocrx_word' id='word_1_75' title='bbox 606 1655 637 1724; x_wconf 94' lang='lat' dir='ltr'>si</span> <span class='ocrx_word' id='word_1_76' title='bbox 654 1673 782 1724; x_wconf 88' lang='lat' dir='ltr'>verum</span> <span class='ocrx_word' id='word_1_77' title='bbox 800 1654 906 1724; x_wconf 84' lang='lat' dir='ltr'>fateri</span> <span class='ocrx_word' id='word_1_78' title='bbox 924 1655 1106 1739; x_wconf 90' lang='lat' dir='ltr'>volumus,</span> <span class='ocrx_word' id='word_1_79' title='bbox 1127 1655 1307 1744; x_wconf 88' lang='lat' dir='ltr'>paucissi-</span> 
     </span>
     <span class='ocr_line' id='line_1_14' title="bbox 195 1769 1305 1859; baseline 0.001 -22"><span class='ocrx_word' id='word_1_80' title='bbox 195 1769 268 1838; x_wconf 90' lang='lat' dir='ltr'>mis</span> <span class='ocrx_word' id='word_1_81' title='bbox 295 1769 528 1852; x_wconf 75' lang='lat' dir='ltr'>bominibuS‚</span> <span class='ocrx_word' id='word_1_82' title='bbox 569 1770 689 1859; x_wconf 89' lang='lat' dir='ltr'>iisque</span> <span class='ocrx_word' id='word_1_83' title='bbox 723 1770 1036 1859; x_wconf 78' lang='lat' dir='ltr'>praestantissimae</span> <span class='ocrx_word' id='word_1_84' title='bbox 1066 1769 1219 1852; x_wconf 84' lang='lat' dir='ltr'>mentis,</span> <span class='ocrx_word' id='word_1_85' title='bbox 1247 1770 1305 1838; x_wconf 85' lang='lat' dir='ltr'>rix</span> 
     </span>
     <span class='ocr_line' id='line_1_15' title="bbox 196 1882 1307 1974; baseline 0.002 -24"><span class='ocrx_word' id='word_1_86' title='bbox 196 1882 363 1952; x_wconf 87' lang='lat' dir='ltr'>sufficiet.</span> <span class='ocrx_word' id='word_1_87' title='bbox 379 1882 422 1952; x_wconf 82' lang='lat' dir='ltr'>lt</span> <span class='ocrx_word' id='word_1_88' title='bbox 433 1883 558 1952; x_wconf 82' lang='lat' dir='ltr'>caeteri</span> <span class='ocrx_word' id='word_1_89' title='bbox 575 1883 790 1955; x_wconf 87' lang='lat' dir='ltr'>interiorem</span> <span class='ocrx_word' id='word_1_90' title='bbox 805 1902 887 1953; x_wconf 89' lang='lat' dir='ltr'>eam</span> <span class='ocrx_word' id='word_1_91' title='bbox 902 1884 1138 1971; x_wconf 88' lang='lat' dir='ltr'>legemsuum</span> <span class='ocrx_word' id='word_1_92' title='bbox 1148 1884 1307 1974; x_wconf 82' lang='lat' dir='ltr'>quisque</span> 
     </span>
     <span class='ocr_line' id='line_1_16' title="bbox 192 1996 1309 2089; baseline 0.004 -24"><span class='ocrx_word' id='word_1_93' title='bbox 192 1999 270 2087; x_wconf 81' lang='lat' dir='ltr'>J&#39;am</span> <span class='ocrx_word' id='word_1_94' title='bbox 293 1998 337 2066; x_wconf 95' lang='lat' dir='ltr'>ad</span> <span class='ocrx_word' id='word_1_95' title='bbox 363 1996 559 2068; x_wconf 88' lang='lat' dir='ltr'>arbitrium</span> <span class='ocrx_word' id='word_1_96' title='bbox 582 1998 721 2086; x_wconf 84' lang='lat' dir='ltr'>lingent</span> <span class='ocrx_word' id='word_1_97' title='bbox 743 1999 1019 2088; x_wconf 79' lang='lat' dir='ltr'>refingentque3</span> <span class='ocrx_word' id='word_1_98' title='bbox 1044 2017 1165 2089; x_wconf 86' lang='lat' dir='ltr'>neque</span> <span class='ocrx_word' id='word_1_99' title='bbox 1188 1999 1309 2069; x_wconf 87' lang='lat' dir='ltr'>Deum</span> 
     </span>
     <span class='ocr_line' id='line_1_17' title="bbox 196 2111 1247 2203; baseline 0.001 -20"><span class='ocrx_word' id='word_1_100' title='bbox 196 2113 304 2197; x_wconf 90' lang='lat' dir='ltr'>satis,</span> <span class='ocrx_word' id='word_1_101' title='bbox 324 2131 441 2203; x_wconf 89' lang='lat' dir='ltr'>quum</span> <span class='ocrx_word' id='word_1_102' title='bbox 457 2114 535 2203; x_wconf 89' lang='lat' dir='ltr'>ipse</span> <span class='ocrx_word' id='word_1_103' title='bbox 550 2113 621 2182; x_wconf 90' lang='lat' dir='ltr'>sibi</span> <span class='ocrx_word' id='word_1_104' title='bbox 638 2132 705 2203; x_wconf 92' lang='lat' dir='ltr'>pro</span> <span class='ocrx_word' id='word_1_105' title='bbox 719 2113 796 2184; x_wconf 91' lang='lat' dir='ltr'>Deo</span> <span class='ocrx_word' id='word_1_106' title='bbox 813 2114 904 2196; x_wconf 84' lang='lat' dir='ltr'>erit,</span> <span class='ocrx_word' id='word_1_107' title='bbox 925 2113 1036 2183; x_wconf 93' lang='lat' dir='ltr'>homo</span> <span class='ocrx_word' id='word_1_108' title='bbox 1050 2111 1247 2184; x_wconf 80' lang='lat' dir='ltr'>verebitur.</span> 
     </span>
    </p>

    <p class='ocr_par' dir='ltr' id='par_1_3' title="bbox 144 2230 1316 3360">
     <span class='ocr_line' id='line_1_18' title="bbox 144 2230 1309 2320; baseline -0.003 -19"><span class='ocrx_word' id='word_1_109' title='bbox 144 2282 146 2286; x_wconf 48' lang='lat'><em>2</em></span> <span class='ocrx_word' id='word_1_110' title='bbox 245 2230 439 2315; x_wconf 84' lang='lat' dir='ltr'>Similiter,</span> <span class='ocrx_word' id='word_1_111' title='bbox 455 2232 495 2300; x_wconf 90' lang='lat' dir='ltr'>in</span> <span class='ocrx_word' id='word_1_112' title='bbox 513 2240 591 2301; x_wconf 89' lang='lat' dir='ltr'>toto</span> <span class='ocrx_word' id='word_1_113' title='bbox 604 2231 668 2302; x_wconf 92' lang='lat' dir='ltr'>illo</span> <span class='ocrx_word' id='word_1_114' title='bbox 685 2250 816 2320; x_wconf 89' lang='lat' dir='ltr'>opere,</span> <span class='ocrx_word' id='word_1_115' title='bbox 837 2230 981 2300; x_wconf 91' lang='lat' dir='ltr'>nullam</span> <span class='ocrx_word' id='word_1_116' title='bbox 994 2250 1098 2320; x_wconf 90' lang='lat' dir='ltr'>spem</span> <span class='ocrx_word' id='word_1_117' title='bbox 1113 2231 1309 2301; x_wconf 87' lang='lat' dir='ltr'>immorta-</span> 
     </span>
     <span class='ocr_line' id='line_1_19' title="bbox 197 2343 1311 2437; baseline -0.004 -17"><span class='ocrx_word' id='word_1_118' title='bbox 197 2347 313 2420; x_wconf 89' lang='lat' dir='ltr'>litatis</span> <span class='ocrx_word' id='word_1_119' title='bbox 340 2348 485 2418; x_wconf 88' lang='lat' dir='ltr'>elucere</span> <span class='ocrx_word' id='word_1_120' title='bbox 511 2347 643 2417; x_wconf 84' lang='lat' dir='ltr'>videas.</span> <span class='ocrx_word' id='word_1_121' title='bbox 674 2343 743 2417; x_wconf 88' lang='lat' dir='ltr'>Sed</span> <span class='ocrx_word' id='word_1_122' title='bbox 767 2346 851 2437; x_wconf 93' lang='lat' dir='ltr'>quis</span> <span class='ocrx_word' id='word_1_123' title='bbox 874 2355 956 2417; x_wconf 89' lang='lat' dir='ltr'>tum</span> <span class='ocrx_word' id='word_1_124' title='bbox 984 2343 1109 2416; x_wconf 84' lang='lat' dir='ltr'>Romae</span> <span class='ocrx_word' id='word_1_125' title='bbox 1125 2355 1222 2431; x_wconf 91' lang='lat' dir='ltr'>erat,</span> <span class='ocrx_word' id='word_1_126' title='bbox 1243 2346 1311 2437; x_wconf 90' lang='lat' dir='ltr'>qui.</span> 
     </span>
     <span class='ocr_line' id='line_1_20' title="bbox 198 2461 1312 2553; baseline -0.001 -22"><span class='ocrx_word' id='word_1_127' title='bbox 198 2463 261 2532; x_wconf 93' lang='lat' dir='ltr'>illa</span> <span class='ocrx_word' id='word_1_128' title='bbox 273 2470 466 2552; x_wconf 86' lang='lat' dir='ltr'>poetarum</span> <span class='ocrx_word' id='word_1_129' title='bbox 476 2463 618 2533; x_wconf 92' lang='lat' dir='ltr'>somnia</span> <span class='ocrx_word' id='word_1_130' title='bbox 628 2461 726 2532; x_wconf 89' lang='lat' dir='ltr'>baud</span> <span class='ocrx_word' id='word_1_131' title='bbox 735 2462 928 2533; x_wconf 81' lang='lat' dir='ltr'>irrideret?</span> <span class='ocrx_word' id='word_1_132' title='bbox 938 2461 1029 2548; x_wconf 87' lang='lat' dir='ltr'>Quis</span> <span class='ocrx_word' id='word_1_133' title='bbox 1042 2481 1174 2552; x_wconf 85' lang='lat' dir='ltr'>nuper,</span> <span class='ocrx_word' id='word_1_134' title='bbox 1191 2482 1312 2553; x_wconf 89' lang='lat' dir='ltr'>quum</span> 
     </span>
     <span class='ocr_line' id='line_1_21' title="bbox 199 2577 1311 2674; baseline 0.002 -29"><span class='ocrx_word' id='word_1_135' title='bbox 199 2577 321 2668; x_wconf 92' lang='lat' dir='ltr'>palam</span> <span class='ocrx_word' id='word_1_136' title='bbox 338 2578 377 2647; x_wconf 93' lang='lat' dir='ltr'>in</span> <span class='ocrx_word' id='word_1_137' title='bbox 396 2598 441 2648; x_wconf 90' lang='lat' dir='ltr'>ea</span> <span class='ocrx_word' id='word_1_138' title='bbox 458 2578 625 2649; x_wconf 88' lang='lat' dir='ltr'>oratione</span> <span class='ocrx_word' id='word_1_139' title='bbox 646 2577 779 2674; x_wconf 76' lang='lat' dir='ltr'>(quam</span> <span class='ocrx_word' id='word_1_140' title='bbox 798 2598 841 2649; x_wconf 90' lang='lat' dir='ltr'>ex</span> <span class='ocrx_word' id='word_1_141' title='bbox 860 2596 992 2665; x_wconf 90' lang='lat' dir='ltr'>magna</span> <span class='ocrx_word' id='word_1_142' title='bbox 1008 2586 1110 2668; x_wconf 86' lang='lat' dir='ltr'>parte</span> <span class='ocrx_word' id='word_1_143' title='bbox 1127 2578 1311 2666; x_wconf 90' lang='lat' dir='ltr'>integram</span> 
     </span>
     <span class='ocr_line' id='line_1_22' title="bbox 201 2691 1313 2789; baseline 0 -27"><span class='ocrx_word' id='word_1_144' title='bbox 201 2691 393 2764; x_wconf 86' lang='lat' dir='ltr'>Sallustius</span> <span class='ocrx_word' id='word_1_145' title='bbox 411 2713 645 2764; x_wconf 85' lang='lat' dir='ltr'>conservasse</span> <span class='ocrx_word' id='word_1_146' title='bbox 664 2691 848 2789; x_wconf 86' lang='lat' dir='ltr'>videtur),</span> <span class='ocrx_word' id='word_1_147' title='bbox 866 2691 905 2762; x_wconf 90' lang='lat' dir='ltr'>C.</span> <span class='ocrx_word' id='word_1_148' title='bbox 928 2691 960 2762; x_wconf 80' lang='lat' dir='ltr'>J.</span> <span class='ocrx_word' id='word_1_149' title='bbox 979 2691 1118 2776; x_wconf 75' lang='lat' dir='ltr'>Caesar,</span> <span class='ocrx_word' id='word_1_150' title='bbox 1142 2712 1313 2763; x_wconf 89' lang='lat' dir='ltr'>summus</span> 
     </span>
     <span class='ocr_line' id='line_1_23' title="bbox 202 2807 1312 2899; baseline -0.001 -21"><span class='ocrx_word' id='word_1_151' title='bbox 202 2808 377 2898; x_wconf 83' lang='lat' dir='ltr'>pontifex,</span> <span class='ocrx_word' id='word_1_152' title='bbox 395 2818 554 2878; x_wconf 86' lang='lat' dir='ltr'>mortem</span> <span class='ocrx_word' id='word_1_153' title='bbox 572 2807 751 2898; x_wconf 89' lang='lat' dir='ltr'>improbis</span> <span class='ocrx_word' id='word_1_154' title='bbox 771 2825 1021 2877; x_wconf 84' lang='lat' dir='ltr'>aerumnarum</span> <span class='ocrx_word' id='word_1_155' title='bbox 1039 2808 1225 2899; x_wconf 87' lang='lat' dir='ltr'>requiem,</span> <span class='ocrx_word' id='word_1_156' title='bbox 1241 2827 1312 2878; x_wconf 87' lang='lat' dir='ltr'>nee</span> 
     </span>
     <span class='ocr_line' id='line_1_24' title="bbox 201 2922 1316 3012; baseline -0.001 -18"><span class='ocrx_word' id='word_1_157' title='bbox 201 2924 407 2996; x_wconf 89' lang='lat' dir='ltr'>cruciatum</span> <span class='ocrx_word' id='word_1_158' title='bbox 425 2944 503 2995; x_wconf 84' lang='lat' dir='ltr'>esse</span> <span class='ocrx_word' id='word_1_159' title='bbox 521 2925 688 3008; x_wconf 84' lang='lat' dir='ltr'>dixisset,</span> <span class='ocrx_word' id='word_1_160' title='bbox 710 2922 933 2995; x_wconf 88' lang='lat' dir='ltr'>sententiam</span> <span class='ocrx_word' id='word_1_161' title='bbox 949 2922 1029 3012; x_wconf 90' lang='lat' dir='ltr'>ejns</span> <span class='ocrx_word' id='word_1_162' title='bbox 1043 2923 1215 2994; x_wconf 89' lang='lat' dir='ltr'>refellere</span> <span class='ocrx_word' id='word_1_163' title='bbox 1231 2930 1316 2994; x_wconf 79' lang='lat' dir='ltr'>stu-·</span> 
     </span>
     <span class='ocr_line' id='line_1_25' title="bbox 201 3037 1312 3127; baseline -0.003 -17"><span class='ocrx_word' id='word_1_164' title='bbox 201 3040 311 3110; x_wconf 82' lang='lat' dir='ltr'>duit?</span> <span class='ocrx_word' id='word_1_165' title='bbox 338 3040 423 3111; x_wconf 91' lang='lat' dir='ltr'>idne</span> <span class='ocrx_word' id='word_1_166' title='bbox 449 3040 705 3111; x_wconf 91' lang='lat' dir='ltr'>tantummodo</span> <span class='ocrx_word' id='word_1_167' title='bbox 731 3040 771 3107; x_wconf 92' lang='lat' dir='ltr'>in</span> <span class='ocrx_word' id='word_1_168' title='bbox 798 3037 1054 3127; x_wconf 91' lang='lat' dir='ltr'>respondendo</span> <span class='ocrx_word' id='word_1_169' title='bbox 1083 3038 1205 3126; x_wconf 88' lang='lat' dir='ltr'>attigit</span> <span class='ocrx_word' id='word_1_170' title='bbox 1233 3039 1312 3127; x_wconf 88' lang='lat' dir='ltr'>ipse</span> 
     </span>
     <span class='ocr_line' id='line_1_26' title="bbox 202 3154 1314 3237; baseline 0.001 -11"><span class='ocrx_word' id='word_1_171' title='bbox 202 3154 304 3237; x_wconf 87' lang='lat' dir='ltr'>Cato,</span> <span class='ocrx_word' id='word_1_172' title='bbox 320 3157 522 3226; x_wconf 89' lang='lat' dir='ltr'>acerrimus</span> <span class='ocrx_word' id='word_1_173' title='bbox 532 3157 594 3225; x_wconf 91' lang='lat' dir='ltr'>ille</span> <span class='ocrx_word' id='word_1_174' title='bbox 610 3166 778 3225; x_wconf 88' lang='lat' dir='ltr'>veterum</span> <span class='ocrx_word' id='word_1_175' title='bbox 787 3173 935 3225; x_wconf 91' lang='lat' dir='ltr'>morum</span> <span class='ocrx_word' id='word_1_176' title='bbox 943 3155 1114 3225; x_wconf 77' lang='lat' dir='ltr'>custos‘tl</span> <span class='ocrx_word' id='word_1_177' title='bbox 1117 3174 1176 3224; x_wconf 92' lang='lat' dir='ltr'>am</span> <span class='ocrx_word' id='word_1_178' title='bbox 1186 3164 1314 3227; x_wconf 83' lang='lat' dir='ltr'>autem</span> 
     </span>
     <span class='ocr_line' id='line_1_27' title="bbox 202 3268 1184 3360; baseline -0.009 -14"><span class='ocrx_word' id='word_1_179' title='bbox 202 3270 242 3346; x_wconf 81' lang='lat' dir='ltr'>id</span> <span class='ocrx_word' id='word_1_180' title='bbox 259 3269 402 3343; x_wconf 90' lang='lat' dir='ltr'>dudum</span> <span class='ocrx_word' id='word_1_181' title='bbox 417 3272 493 3347; x_wconf 67' lang='lat' dir='ltr'>dici,</span> <span class='ocrx_word' id='word_1_182' title='bbox 507 3270 705 3360; x_wconf 88' lang='lat' dir='ltr'>potuisset,</span> <span class='ocrx_word' id='word_1_183' title='bbox 722 3270 822 3360; x_wconf 92' lang='lat' dir='ltr'>quod</span> <span class='ocrx_word' id='word_1_184' title='bbox 838 3278 964 3359; x_wconf 87' lang='lat' dir='ltr'>postea</span> <span class='ocrx_word' id='word_1_185' title='bbox 980 3268 1000 3337; x_wconf 91' lang='lat' dir='ltr'><strong>J</strong></span> <span class='ocrx_word' id='word_1_186' title='bbox 1003 3269 1184 3339; x_wconf 89' lang='lat' dir='ltr'>uvenalis:</span> 
     </span>
    </p>
   </div>
   <div class='ocr_carea' id='block_1_3' title="bbox 390 3485 1132 3710">
    <p class='ocr_par' dir='ltr' id='par_1_4' title="bbox 390 3485 1132 3710">
     <span class='ocr_line' id='line_1_28' title="bbox 391 3485 969 3548; baseline -0.003 -13"><span class='ocrx_word' id='word_1_187' title='bbox 391 3486 449 3543; x_wconf 79' lang='lat' dir='ltr'>Essa</span> <span class='ocrx_word' id='word_1_188' title='bbox 458 3486 554 3548; x_wconf 83' lang='lat' dir='ltr'>aliquos</span> <span class='ocrx_word' id='word_1_189' title='bbox 563 3485 660 3544; x_wconf 84' lang='lat' dir='ltr'>llanes,</span> <span class='ocrx_word' id='word_1_190' title='bbox 672 3489 697 3535; x_wconf 87' lang='lat' dir='ltr'>et</span> <span class='ocrx_word' id='word_1_191' title='bbox 705 3486 865 3535; x_wconf 84' lang='lat' dir='ltr'>subterranea</span> <span class='ocrx_word' id='word_1_192' title='bbox 879 3497 969 3547; x_wconf 80' lang='lat' dir='ltr'>regna,</span> 
     </span>
     <span class='ocr_line' id='line_1_29' title="bbox 391 3563 1017 3628; baseline -0.005 -12"><span class='ocrx_word' id='word_1_193' title='bbox 391 3567 421 3616; x_wconf 77' lang='lat' dir='ltr'>ut</span> <span class='ocrx_word' id='word_1_194' title='bbox 432 3563 556 3625; x_wconf 78' lang='lat' dir='ltr'>Conium,</span> <span class='ocrx_word' id='word_1_195' title='bbox 568 3570 592 3617; x_wconf 89' lang='lat' dir='ltr'>et</span> <span class='ocrx_word' id='word_1_196' title='bbox 601 3567 682 3628; x_wconf 80' lang='lat' dir='ltr'>Stygio</span> <span class='ocrx_word' id='word_1_197' title='bbox 691 3578 766 3615; x_wconf 88' lang='lat' dir='ltr'>ranas</span> <span class='ocrx_word' id='word_1_198' title='bbox 777 3567 802 3614; x_wconf 92' lang='lat' dir='ltr'>ln</span> <span class='ocrx_word' id='word_1_199' title='bbox 814 3567 911 3627; x_wconf 81' lang='lat' dir='ltr'>gurgite</span> <span class='ocrx_word' id='word_1_200' title='bbox 920 3567 1017 3626; x_wconf 85' lang='lat' dir='ltr'>nigras,</span> 
     </span>
     <span class='ocr_line' id='line_1_30' title="bbox 390 3641 1132 3710; baseline -0.001 -13"><span class='ocrx_word' id='word_1_201' title='bbox 390 3648 516 3709; x_wconf 81' lang='lat' dir='ltr'>llscpueri</span> <span class='ocrx_word' id='word_1_202' title='bbox 527 3646 640 3707; x_wconf 82' lang='lat' dir='ltr'>credunt,</span> <span class='ocrx_word' id='word_1_203' title='bbox 650 3649 697 3697; x_wconf 91' lang='lat' dir='ltr'>nisi</span> <span class='ocrx_word' id='word_1_204' title='bbox 707 3649 750 3710; x_wconf 87' lang='lat' dir='ltr'>qut</span> <span class='ocrx_word' id='word_1_205' title='bbox 765 3646 878 3696; x_wconf 86' lang='lat' dir='ltr'>nondum</span> <span class='ocrx_word' id='word_1_206' title='bbox 893 3658 941 3695; x_wconf 76' lang='lat' dir='ltr'>ere</span> <span class='ocrx_word' id='word_1_207' title='bbox 952 3645 1069 3694; x_wconf 84' lang='lat' dir='ltr'>lavantur</span> <span class='ocrx_word' id='word_1_208' title='bbox 1081 3641 1132 3707; x_wconf 43' lang='lat' dir='ltr'>(t),</span> 
     </span>
    </p>
   </div>
   <div class='ocr_carea' id='block_1_4' title="bbox 205 3823 1322 4042">
    <p class='ocr_par' dir='ltr' id='par_1_5' title="bbox 205 3823 1322 4042">
     <span class='ocr_line' id='line_1_31' title="bbox 205 3823 1322 3929; baseline -0.004 -20"><span class='ocrx_word' id='word_1_209' title='bbox 205 3823 436 3929; x_wconf 84' lang='lat' dir='ltr'>Quamquam</span> <span class='ocrx_word' id='word_1_210' title='bbox 452 3846 576 3907; x_wconf 86' lang='lat' dir='ltr'>tamen</span> <span class='ocrx_word' id='word_1_211' title='bbox 594 3836 810 3908; x_wconf 87' lang='lat' dir='ltr'>Ciceronem</span> <span class='ocrx_word' id='word_1_212' title='bbox 827 3836 950 3925; x_wconf 86' lang='lat' dir='ltr'>ipsum</span> <span class='ocrx_word' id='word_1_213' title='bbox 967 3836 1006 3904; x_wconf 90' lang='lat' dir='ltr'>in</span> <span class='ocrx_word' id='word_1_214' title='bbox 1024 3835 1236 3906; x_wconf 78' lang='lat' dir='ltr'>Tusculanis</span> <span class='ocrx_word' id='word_1_215' title='bbox 1253 3835 1322 3906; x_wconf 74' lang='lat' dir='ltr'>de.</span> 
     </span>
     <span class='ocr_line' id='line_1_32' title="bbox 205 3950 1315 4042; baseline -0.003 -18"><span class='ocrx_word' id='word_1_216' title='bbox 205 3954 487 4024; x_wconf 90' lang='lat' dir='ltr'>clamationibus</span> <span class='ocrx_word' id='word_1_217' title='bbox 512 3953 663 4035; x_wconf 90' lang='lat' dir='ltr'>dixeris,</span> <span class='ocrx_word' id='word_1_218' title='bbox 693 3952 796 4042; x_wconf 91' lang='lat' dir='ltr'>quasi</span> <span class='ocrx_word' id='word_1_219' title='bbox 819 3952 943 4021; x_wconf 90' lang='lat' dir='ltr'>divino</span> <span class='ocrx_word' id='word_1_220' title='bbox 969 3951 1129 4042; x_wconf 92' lang='lat' dir='ltr'>quodam</span> <span class='ocrx_word' id='word_1_221' title='bbox 1160 3950 1315 4021; x_wconf 87' lang='lat' dir='ltr'>numine</span> 
     </span>
    </p>
   </div>
   <div class='ocr_carea' id='block_1_5' title="bbox 236 4175 462 4290">
    <p class='ocr_par' dir='ltr' id='par_1_6' title="bbox 236 4175 462 4290">
     <span class='ocr_line' id='line_1_33' title="bbox 236 4175 462 4290; baseline 0.009 -25"><span class='ocrx_word' id='word_1_222' title='bbox 236 4216 271 4290; x_wconf 60' lang='lat' dir='ltr'>(t)</span> <span class='ocrx_word' id='word_1_223' title='bbox 282 4217 378 4276; x_wconf 80' lang='lat' dir='ltr'>Sat.ll,</span> <span class='ocrx_word' id='word_1_224' title='bbox 396 4175 462 4267; x_wconf 44' lang='lat' dir='ltr'>tlt]</span> 
     </span>
    </p>
   </div>
   <div class='ocr_carea' id='block_1_6' title="bbox 0 0 1513 4750">
    <p class='ocr_par' dir='ltr' id='par_1_7' title="bbox 0 0 1513 4750">
     <span class='ocr_line' id='line_1_34' title="bbox 0 0 1513 4750; baseline 0 0"><span class='ocrx_word' id='word_1_225' title='bbox 0 0 1513 4750; x_wconf 95' lang='lat' dir='ltr'> </span> 
     </span>
    </p>
   </div>
  </div>
 </body>
</html>
