2984 4750
618 248 807 315 ‚55-

163 414 273 505 pibus
282 412 426 496 Stoicis,
439 412 597 484 utilitate
610 414 774 485 officium
788 416 905 503 magis
917 413 1152 502 dirigendum
1160 432 1273 504 quaxn

166 529 394 600 humanitate
411 529 594 600 censebat.
617 527 714 615 Quid
725 539 850 600 autem
859 529 1008 612 Cicero,
1025 529 1089 619 qui
1102 529 1274 598 eximiam

166 647 262 716 hanc
279 645 500 743 sententiam
513 643 666 715 retulit?
680 644 817 715 Annuit
827 645 989 723 silentio,
1004 644 1274 733 magistrosane

163 758 422 830 assentiens·
441 759 551 828 Plura
563 778 648 829 vero
660 758 707 830 de
722 760 837 831 servis
850 813 859 843 ‚
871 760 911 830 in
930 759 1111 829 librorum
1128 759 1171 829 de
1186 759 1269 851 Rep.

165 875 400 964 fragmentis,
421 873 597 944 invenias.
619 873 730 959 Nam,
750 894 868 966 quum
883 876 930 945 de
947 874 1190 964 imperiorum
1201 874 1275 944 dif-

166 989 320 1060 ferentia
338 988 564 1079 disputaret,
585 996 624 1058 et
644 987 756 1077 huius
780 989 835 1060 rei
850 989 1130 1060 similitudinem
1148 1009 1191 1059 ex
1207 1009 1275 1059 na-

165 1116 249 1176 tura
263 1105 424 1176 bominis
441 1113 663 1187 assumeret,
683 1115 723 1173 ut
735 1104 823 1194 filiis
834 1105 926 1175 dixit
941 1105 1111 1195 imperari
1123 1107 1276 1196 cumeris

165 1221 338 1306 ntemdris,
352 1230 492 1311 propter
500 1202 681 1291 obediendi
685 1218 903 1311 facilitatem,
923 1220 1064 1289 vitiosas
1076 1221 1276 1290 oeroanimi

160 1346 291 1425 partes,
312 1345 352 1404 ut
366 1355 481 1405 aarum
489 1335 661 1425 asperiore
679 1337 824 1425 imperto
833 1341 979 1407 coerceri
999 1332 1064 1430 (1).
1083 1334 1203 1421 Quem
1219 1336 1276 1404 lo-

163 1473 254 1523 cum
265 1461 383 1524 totum
399 1454 527 1524 retulit
540 1453 653 1524 Divus
672 1451 895 1542 Augustinus
912 1462 1041 1524 contra
1059 1451 1132 1522 Jul.
1151 1452 1270 1539 Pelag.

167 1566 232 1649 lll,
248 1568 307 1637 dl.
337 1597 351 1630 ι
370 1568 519 1637 Domini
536 1587 701 1650 serv-um,
722 1567 844 1638 aiebat
863 1567 1010 1653 Cicero,
1029 1569 1081 1661 ita
1098 1567 1272 1656 fatigant,

167 1711 181 1742 a
204 1691 245 1752 ut
261 1683 401 1772 optima
414 1702 499 1773 pars
512 1682 642 1774 animi,
656 1683 694 1753 id
706 1692 763 1753 est
777 1683 968 1774 sapientia,
984 1683 1150 1773 eJusdem
1160 1683 1276 1751 animi

168 1826 182 1857 a
210 1795 357 1865 vitiosas
380 1796 659 1887 imbecillasque
682 1806 823 1886 partes,
851 1805 893 1866 ut
919 1796 1091 1867 libidines
1114 1797 1273 1878 scilicet,

168 1918 250 1980 »ut
276 1908 503 1993 iracundias,
533 1920 575 1980 nt
596 1911 894 2001 perturbationes
910 1923 1073 1984 caeteras.
1103 1941 1115 1974 a
1148 1912 1276 2001 ltaque

166 2042 312 2106 servm,
335 2034 512 2113 tanquam
525 2027 716 2115 iumenta,
731 2036 797 2097 aut
812 2029 907 2097 feras
928 2029 1070 2118 potius,
1088 2048 1130 2097 ex
1145 2028 1278 2097 huma-

168 2139 284 2208 nitate
300 2139 460 2229 quodam
477 2141 586 2211 modo
608 2141 719 2230 eJicit.
742 2142 810 2211 Ubi
828 2142 942 2230 igitur
952 2144 1030 2233 jam
1042 2144 1105 2213 illa
1122 2153 1178 2212 est
1195 2163 1276 2212 om-

167 2254 272 2325 nium
289 2253 482 2326 hominum
504 2275 591 2326 cum
617 2255 694 2326 Diis
711 2250 888 2327 societas?
909 2257 978 2329 Sed
995 2279 1039 2328 ea
1055 2258 1196 2329 servitii
1210 2279 1276 2329 ne-

167 2368 317 2440 cessitas
330 2369 554 2460 jampridem
567 2371 657 2442 adeo
670 2370 710 2442 in
724 2372 1032 2446 consuetudinem
1046 2382 1218 2458 verterat,
1235 2384 1275 2444 ut

165 2502 235 2560 nee
257 2482 468 2556 Aristoteles
492 2483 623 2573 modo,
656 2488 785 2559 sedne
808 2489 886 2579 ipse
907 2490 1058 2580 quidem
1074 2490 1177 2561 Plato
1194 2509 1275 2560 eam

164 2598 317 2669 alterius
338 2600 452 2689 partis
474 2600 670 2671 hominum
688 2602 987 2693 depravationem
1007 2615 1149 2676 naturae
1162 2626 1274 2697 repu-

165 2732 279 2801 gnare
301 2715 466 2786 senserit.
496 2715 589 2785 Nam
610 2718 825 2791 servitutem
846 2731 1002 2811 uterque
1027 2729 1154 2792 tuetur
1172 2741 1276 2793 com-

167 2829 409 2920 mendatque,
420 2839 459 2900 et
472 2829 516 2899 ad
526 2830 626 2902 illius
638 2852 750 2923 quam
765 2835 888 2905 animo
902 2836 1171 2925 excogitaverat
1185 2838 1275 2908 civi-

170 2944 258 3013 tatis
281 2945 449 3014 instituta
475 2949 740 3019 accommodat.
769 2948 945 3021 Vincebat
969 2953 1071 3022 enim
1094 2952 1191 3042 apud
1213 2974 1276 3024 eos

169 3057 315 3148 publica
338 3060 489 3132 utilitas.
516 3061 590 3148 Qul
614 3082 700 3133 vero
724 3064 823 3135 ultra
846 3066 924 3155 ipse
948 3068 1121 3156 progredi
1148 3067 1275 3138 Cicero

167 3194 280 3246 ausus
300 3185 413 3260 esset,
432 3178 512 3262 cui,
538 3188 785 3270 praeterquam
811 3181 910 3271 quod
935 3192 1050 3252 totam
1067 3173 1213 3253 aetatem
1236 3185 1275 3252 in

166 3291 327 3378 gerenda
346 3291 434 3382 Rep.
459 3306 649 3383 exegerat,
675 3315 820 3387 semper
841 3306 926 3369 ante
947 3299 1073 3369 oculos
1091 3301 1275 3371 obversari

165 3405 296 3476 debuit
307 3426 435 3478 recens
446 3409 516 3479 ista
531 3409 720 3479 servilium
729 3411 912 3482 bellorum
930 3416 1130 3485 memoria?

1207 3582 1272 3590 ..ψ-..ι

198 3649 234 3716 ll)
251 3652 363 3714 August,
381 3654 411 3703 de
428 3655 501 3704 Civit.
513 3657 564 3713 Dei,
583 3657 645 3718 xlv,
666 3662 704 3706 2³.
