2984 4750
616 217 809 293 ..57-

159 397 287 460 contra
299 387 474 479 disputet,
486 388 583 460 unde
595 408 683 479 opes
701 390 864 478 legitime
878 398 1072 479 parentur,
1088 408 1131 459 ac
1143 399 1262 479 prote-

160 523 231 577 nus
242 503 361 595 ipsam
376 522 506 575 rursus
525 503 717 574 Utilitatem
725 504 765 573 in
778 524 864 576 suas
880 524 1028 596 quoque
1044 514 1166 596 partes
1182 505 1266 576 des·

159 619 303 691 cribere
314 629 368 703 ‚et
380 619 478 691 intra
487 621 606 710 justos
617 620 707 691 lines
720 622 929 707 reductam,
940 642 1026 694 cum
1038 620 1157 693 media
1172 642 1265 712 qua-

159 735 244 804 dam
269 737 458 806 honestate
482 754 704 824 componere
721 737 894 808 instituit.
918 738 1140 829 Plerumque
1165 737 1264 808 enim

160 869 244 921 vera
265 851 426 922 hominis
449 851 590 921 utilitas
605 870 691 921 cum
721 853 876 923 honesto
893 854 984 924 adeo
1004 854 1263 944 coniungitur,

160 975 201 1035 ut
217 984 276 1036 res
293 966 407 1037 altera
423 966 530 1037 alteri
546 966 749 1057 opituletur
766 989 775 1037 ε
795 988 864 1038 nec
886 971 1049 1058 proiecto
1063 987 1106 1039 ea
1123 977 1265 1040 naturae

158 1099 285 1152 rerum
298 1081 481 1152 discordia
497 1091 553 1152 est
568 1080 689 1177 (quod
706 1081 818 1153 Stoici
834 1082 1055 1177 censebant)
1071 1137 1080 1167 ,
1097 1092 1139 1154 ut
1156 1103 1265 1154 nemo

159 1194 228 1265 sibi
241 1195 460 1286 caeterisque
476 1197 719 1287 simul'possit
733 1200 950 1282 consulere,
970 1207 1008 1270 et
1024 1199 1070 1269 ad
1091 1200 1266 1270 virtutem

159 1310 272 1397 eniti,
299 1311 370 1383 nisi
395 1312 496 1400 prius
517 1313 588 1382 alia
612 1313 737 1383 omnia
759 1313 873 1384 animi
894 1322 1082 1386 momenta
1098 1332 1266 1405 compes·

159 1427 290 1496 cuerit.
313 1425 383 1498 Sed
403 1437 550 1509 contra,
569 1428 737 1518 quamvis
754 1429 949 1500 honestum
969 1428 1016 1499 ab
1032 1429 1135 1512 utili,
1156 1428 1266 1498 utile-

160 1559 233 1629 que
254 1540 301 1611 ab
326 1561 371 1612 eo
397 1542 497 1632 qaod
523 1541 644 1631 placet
667 1541 846 1631 distingui
867 1542 1018 1628 debeat,
1045 1544 1114 1615 ista
1141 1553 1264 1614 tamen

158 1656 282 1727 omnia
306 1655 401 1727 inter
414 1675 453 1727 se
470 1666 602 1727 natura
618 1656 819 1747 disjuncta,
840 1677 936 1748 saepe
957 1659 997 1729 in
1013 1659 1143 1729 eadem
1155 1678 1196 1736 re
1212 1659 1264 1729 ita

159 1771 455 1862 coniunguntur,
485 1781 526 1843 ut
547 1772 594 1841 ad
619 1792 736 1845 unum
757 1773 870 1843 linem
886 1783 1072 1864 spectent,
1097 1773 1266 1865 ratioque

159 1904 246 1957 eum
261 1887 377 1958 animi
388 1887 579 1960 affectibus
596 1888 642 1959 ad
656 1888 693 1958 id
705 1887 949 1961 obtinendum
965 1898 1155 1980 congruat.

205 2000 393 2087 Quantum
417 2022 460 2072 ea
480 2003 632 2073 virtutis
650 2022 736 2073 cum
755 2005 913 2075 utilitate
930 2007 1140 2095 coniunctae
1156 2006 1267 2076 insti-

158 2114 271 2199 tutio,
296 2116 547 2189 Romanorum
578 2118 782 2207 praesertim
809 2120 976 2191 moribus
1006 2121 1265 2204 consonuerit,

160 2231 248 2303 satis
266 2243 428 2323 apparet.
450 2232 542 2320 Quis
558 2234 658 2303 enim
677 2233 881 2305 Romanam
896 2236 1085 2306 avaritiam
1103 2237 1265 2323 ignoret,

160 2347 428 2438 asperioremve
453 2349 559 2421 illum
576 2347 770 2433 Catonem,
798 2359 964 2423 veterum
980 2371 1129 2423 morum
1150 2360 1269 2423 secta-

160 2473 301 2550 torem,
319 2464 357 2535 id
376 2484 492 2537 unum
513 2467 612 2556 quod
630 2465 700 2536 sibi
720 2467 922 2559 patriaeque
941 2468 1032 2539 utile
1045 2472 1151 2540 ‘esset
1163 2487 1269 2559 spec·

159 2590 321 2665 tantem,
335 2600 454 2673 neque
463 2582 667 2673 quidquam
680 2600 747 2671 pro
765 2583 920 2655 honesto
936 2585 1154 2667 ducentem,
1170 2584 1268 2654 unde

160 2696 307 2769 nullum
329 2699 492 2771 fructum
519 2699 749 2791 perciperet?
779 2701 864 2772 lstia
883 2709 1008 2772 autem
1032 2698 1265 2782 bominibus,

160 2813 225 2903 qui
244 2812 442 2884 utilitatem
453 2824 539 2886 ante
551 2824 684 2886 caetera
696 2815 867 2887 omniain
878 2815 1035 2907 publicis
1044 2814 1269 2906 privatisque

159 2928 271 2999 rebus
303 2939 624 3015 consectarentur,
654 2932 733 3022 jam
771 2940 956 3002 ostentare
990 2931 1106 3002 voluit
1138 2929 1268 3001 Cicero

161 3044 359 3135 quamdam
367 3065 446 3117 esse
456 3047 648 3117 honestam
662 3047 739 3116 suis
751 3044 1039 3136 quoqueopibus
1051 3044 1269 3116 consulendi

160 3159 363 3243 rationem,
396 3180 517 3251 neque
547 3162 637 3232 adeo
668 3170 904 3252 asperam-et
933 3181 955 3230 a
986 3159 1175 3231 communi
1198 3178 1268 3231 usu

160 3293 326 3345 aversam
338 3275 432 3346 riam
450 3277 597 3348 virtutis
614 3296 706 3349 esse.

210 3389 292 3462 Non
316 3390 363 3462 iis
377 3401 501 3462 tamen
518 3392 557 3462 in
585 3392 810 3464 utilitatibus
828 3401 975 3465 senator
999 3402 1270 3474 commoratur,

163 3525 246 3596 quae
267 3527 310 3578 ex
339 3508 503 3598 operosis
527 3507 669 3579 artibus
694 3507 836 3598 percipi
862 3508 1023 3599 possint;
1051 3508 1188 3598 quippe
1204 3506 1269 3597 qui

162 3622 261 3692 baud
283 3622 464 3711 ignobiles
483 3624 675 3707 homines,
694 3624 860 3696 artificiis
883 3623 1085 3713 negotiisve
1102 3622 1266 3705 deditos,

162 3737 226 3809 sed
244 3737 493 3811 adolescentes
506 3740 764 3811 tantummodo
780 3739 972 3829 splendido
988 3759 1032 3810 er
1047 3740 1129 3809 loco
1145 3747 1267 3820 ortos,

162 3853 202 3922 in
231 3873 297 3924 sua
313 3853 515 3926 honestatis
534 3855 839 3938 adumbratione,
871 3854 1053 3945 respiciat.
1084 3853 1159 3923 llos
1184 3869 1270 3922 vero

162 3967 296 4039 eximia
323 3988 409 4039 eum
431 3969 633 4041 subtilitate
654 3969 829 4053 addocet,
848 3970 983 4059 quibus
1001 3968 1108 4038 bonis
1129 3967 1271 4038 artibus

162 4084 356 4155 hominum
368 4085 514 4157 animos
529 4086 687 4176 quisque
705 4084 776 4156 sibi
793 4084 1010 4168 conciliare,
1023 4093 1061 4154 et
1077 4083 1123 4153 ad
1138 4082 1266 4172 Remp.

163 4218 249 4269 cum
272 4198 450 4288 dignitate
475 4200 649 4271 accedere
683 4200 808 4289 possit,
846 4198 1129 4288 virtutemque,
1159 4197 1196 4266 in
1225 4216 1269 4266 eo
