2984 4750
713 242 905 313 -30,

258 408 709 500 turtinterdumprolecto
722 408 1373 499 praeceptaquaedamexsanctorum

258 537 412 606 Patrum
420 524 565 615 scriptis
575 532 744 613 excerpta
757 541 836 594 esse
842 523 995 594 dixeris:
1010 523 1370 603 adeonovaillavitae

257 639 675 719 institutioacommuni
689 656 835 709 morum
843 638 1373 727 Romanorumasperitateab-

258 755 506 830 horretlDum
519 753 620 824 enim
629 752 727 841 apud
735 772 816 834 eoa,
831 753 910 822 viro
919 753 1249 841 flagitiosissimum
1259 756 1373 826 habe-

259 882 363 944 retur
380 871 531 959 impune
549 867 724 957 injuriam
743 867 946 957 accepisse,
963 866 1092 940 Cicero
1106 878 1236 939 contra
1249 869 1370 939 filium

258 989 384 1069 docet,
404 983 573 1076 quaedam
595 982 714 1053 officia
736 982 792 1052 vel
816 981 990 1053 adversus
1008 983 1094 1066 lios,
1117 985 1292 1073 aquibus
1311 986 1373 1054 in-

254 1103 354 1193 juria
366 1099 556 1170 lacessitus
569 1098 696 1182 luerit,
713 1116 793 1167 esse
804 1098 1000 1179 servanda;
1018 1098 1219 1168 ulciscendi
1232 1100 1371 1189 quippe

257 1226 295 1290 et
313 1214 490 1308 puniendi
509 1213 659 1283 modum
677 1231 773 1294 esse,
799 1222 837 1282 et
854 1213 1074 1303 plerumque
1092 1214 1181 1285 satis
1202 1234 1281 1285 esse
1304 1215 1372 1284 dc-

259 1335 371 1418 bere‚
405 1330 438 1403 si
467 1348 553 1400 eum
580 1328 645 1417 qui
669 1327 887 1410 lacessierit,
913 1327 1060 1417 injuria,
1089 1348 1166 1399 suae
1195 1332 1372 1418 paeniteat

263 1446 322 1541 (1,
340 1444 416 1538 il).
434 1485 470 1496 -
483 1443 598 1534 Atque
612 1442 708 1512 intra
726 1443 836 1531 paulo
854 1443 951 1514 idem
971 1443 1118 1533 adjicit,
1136 1444 1372 1532 attilamque

257 1561 467 1652 etpraclaro
483 1559 558 1629 viro
574 1557 719 1645 alpertus
737 1577 807 1629 essa
822 1557 1056 1646 placabilitate
1074 1568 1175 1646 atque
1188 1561 1371 1629 clementia

262 1677 312 1773 (1,
323 1673 400 1770 25).
419 1673 488 1745 Sed
498 1683 630 1763 praeter
642 1671 791 1741 insitam
800 1671 987 1742 Ciceronis
1001 1674 1153 1761 ingenio
1161 1675 1367 1758 lenitatem,

259 1800 341 1883 post
369 1800 422 1861 tot
453 1788 578 1860 civiles
606 1795 863 1874 tempestates,
890 1788 928 1857 id
957 1806 1044 1859 sane
1071 1789 1197 1858 Romae
1219 1791 1370 1861 evenire

259 1908 408 1989 debuit,
425 1913 467 1975 ut
491 1903 659 1974 ferocitas
688 1903 826 1972 civium
856 1905 934 1992 ipsa
951 1906 1206 1975 calamitatum
1234 1907 1372 1978 imma-

259 2024 373 2093 nitate
393 2023 505 2090 lracta
523 2018 752 2098 mitesceret,
766 2037 807 2086 ac
823 2017 892 2106 ipsi
911 2020 1061 2091 victoria
1079 2021 1134 2090 uti
1148 2022 1370 2093 clementius

258 2148 296 2207 et
311 2136 418 2206 victis
435 2152 585 2226 parcere
603 2133 799 2202 discerent.

306 2254 420 2323 Porro
442 2260 480 2320 et
507 2247 677 2339 plurimis
699 2247 781 2316 aliis
806 2247 896 2317 locis
914 2249 1085 2318 eumdem
1113 2249 1235 2319 videas
1256 2269 1370 2339 supra

256 2386 493 2439 communem
515 2365 612 2451 v'ulgi
628 2361 842 2451 opinionem
859 2382 1061 2448 assurgere.
1078 2364 1253 2451 Quamvis
1266 2386 1369 2436 nem·

257 2503 303 2574 pe
330 2481 485 2571 patriam
509 2489 546 2549 et
574 2479 652 2568 ipse
674 2476 851 2564 singulari
878 2479 1028 2549 caritate
1056 2483 1365 2570 amplecteretur,

254 2594 383 2670 onmia
407 2603 532 2664 tamen
551 2611 617 2682 pro
641 2590 742 2678 Reip.
765 2591 921 2660 utilitate
943 2592 1027 2681 iure
1045 2595 1124 2664 lieri
1145 2594 1265 2689 (quod
1287 2595 1368 2684 ple-

256 2712 363 2800 rique
385 2707 605 2800 volebant)‚
635 2705 809 2792 negabam
840 2710 1078 2799 angustisque
1105 2712 1182 2800 jam
1211 2712 1291 2782 istis
1322 2732 1366 2781 ac

258 2824 413 2896 minutis
430 2822 591 2906 civibus,
612 2821 675 2911 qui
698 2822 860 2904 nullam,
880 2843 966 2894 cum
984 2826 1029 2896 de
1055 2827 1202 2897 civitate
1229 2848 1366 2899 consu-

258 2942 411 3022 leretur,
419 2937 599 3010 rationem
615 2945 852 3007 externorum
863 2937 1200 3023 haberent,altiora
1214 2961 1366 3031 prorsus

254 3054 441 3146 latiusque
460 3052 619 3143 patentia
632 3052 751 3122 officia
769 3053 948 3142 explicat:
969 3055 1037 3126 lroc
1051 3056 1192 3129 scilicet
1207 3057 1247 3125 in
1265 3057 1366 3146 prin·

253 3169 364 3259 cipiis
383 3169 523 3259 posito,
543 3166 716 3237 laomiaem
742 3166 879 3237 lromr'ai
888 3221 897 3250 ,
917 3170 1122 3261 paternaque
1143 3172 1211 3252 sit,
1229 3171 1270 3240 ob
1287 3191 1365 3241 eam

252 3286 369 3375 ipsam
394 3300 536 3353 causam
560 3282 652 3370 quoa
670 3281 702 3349 is
726 3280 825 3350 domo
845 3284 909 3367 sit,
927 3286 1102 3354 consatere
1122 3285 1262 3355 delere:
1282 3288 1364 3355 uni-

258 3417 405 3468 versum
423 3394 523 3464 enim
537 3394 718 3464 mundum
734 3415 846 3468 unam
863 3416 942 3468 esse
960 3417 1270 3491 communemque
1286 3420 1365 3471 om·

252 3513 361 3584 nium
392 3508 585 3579 hominum
616 3507 812 3578 civitatem.
836 3509 1093 3597 -Quantum
1131 3513 1168 3583 id
1199 3515 1365 3604 protecto

259 3626 361 3723 (nisi
378 3624 462 3717 quis
490 3622 657 3713 spurium
676 3623 776 3694 hunc
794 3624 938 3708 locum,
956 3627 1053 3714 quod
1083 3628 1192 3698 multi
1212 3630 1362 3713 volunt,

259 3744 298 3814 in
330 3738 518 3811 Ciceronis
544 3737 681 3809 librum
714 3748 837 3827 postea
867 3741 925 3829 pia
949 3741 1075 3812 fraude
1105 3742 1362 3836 inseruerit),

259 3858 397 3930 mirum
418 3862 528 3944 atque
555 3853 763 3924 inauditnm
790 3854 994 3928 iisnrundi
1018 3858 1229 3946 raptoribus
1245 3860 1365 3933 visum

258 3973 371 4046 luisse
388 3968 581 4060 conjicias,
597 3969 662 4057 qui
679 3977 829 4038 caeteras
855 3978 999 4056 gentes,
1019 3981 1195 4064 tanquam
1220 3972 1266 4048 ad
1293 3974 1366 4048 sibi

258 4084 492 4160 serviendum
517 4081 625 4154 modo
649 4092 743 4152 natae
764 4091 905 4166 essent,
929 4084 1020 4156 adeo
1041 4085 1237 4157 libidinose
1258 4108 1366 4158 vexa-

262 4202 351 4273 bana
379 4196 705 4286 diripiebantque‘l
728 4232 770 4241 -
788 4197 930 4268 Novum
956 4217 1041 4269 vero
1067 4200 1153 4271 inde
1183 4203 1244 4292 jus
1277 4203 1364 4274 belli
