2984 4750
668 216 858 285 ,60-

210 381 269 465 lis,
299 383 466 454 habenda
483 382 577 453 ratio
600 393 667 453 est.
705 414 716 445 ι
736 381 911 453 Catonem
927 391 1109 467 nostrum,
1127 380 1318 473 inquiebat

210 529 222 560 ι
249 497 400 583 Cicero,
418 517 494 569 non
521 499 718 589 quisquam
734 509 834 570 amat
851 499 933 588 plus
950 517 1063 587 quam
1080 516 1160 585 ego.
1183 496 1253 567 Sed
1266 507 1317 566 ta-

209 642 221 673 »
248 631 333 683 men
355 614 495 704 optimo
524 615 649 685 animo
677 625 785 685 utens
809 622 847 684 et
862 632 1007 683 summa
1025 612 1115 695 fide,
1136 620 1245 683 nocet
1263 612 1318 680 in-

208 758 220 788 »
248 728 394 799 terdum
407 728 508 819 Reip.
527 730 624 801 Dicit
635 726 737 800 enim
750 738 927 819 tanquam
942 728 981 798 in
995 728 1313 818 Platonisuolara'a,

205 873 218 903 ι
244 862 318 914 non
347 852 522 935 tanquam
550 847 588 915 in
624 845 771 916 Romuli
789 846 876 916 laece
897 844 1118 915 sententiam
1138 841 1206 939 (ad
1224 841 1318 911 Atti-

207 983 218 1015 r
244 958 532 1056 cum,11‚t).»

703 1363 820 1432 vm.

503 1570 536 1621 lle
548 1571 618 1621 Utilis
628 1584 685 1620 oum
698 1571 806 1621 llonesto
821 1571 1019 1634 temperatione.

733 1737 805 1782 llulta
818 1749 871 1796 quo
885 1738 981 1783 honeste
995 1745 1078 1783 natura
1092 1737 1201 1781 videntur
1213 1750 1278 1788 esse.

711 1809 854 1865 temporibus
870 1809 929 1853 liunt
940 1821 986 1854 non
997 1808 1104 1853 bonerto.

975 1900 983 1942 t
993 1897 1025 1942 be
1041 1898 1097 1954 Off..
1114 1896 1156 1950 ut,
1169 1899 1221 1951 ΙΙ.)

255 2111 459 2195 Panoetius·‚
492 2131 604 2202 quem
629 2112 762 2183 ducem
792 2113 984 2203 hucusque
1014 2113 1141 2184 Cicero
1166 2122 1314 2183 secutus

205 2236 303 2308 erat,
331 2257 343 2289 ι
365 2227 482 2297 tribus
500 2228 696 2316 generibus
717 2228 932 2318 propositis,
953 2228 1089 2319 quibus
1109 2228 1314 2299 deliberare

206 2373 218 2406 Ι
244 2341 411 2413 homines
436 2344 617 2428 solerent;
650 2363 743 2428 uno,
771 2362 856 2413 eom
882 2342 1095 2415 dubitarent
1116 2344 1314 2416 honestum

206 2489 218 2519 »
244 2455 282 2525 id
305 2467 401 2527 esset
424 2458 468 2527 de
493 2477 567 2547 quo
596 2467 786 2546 ageretur;
816 2459 951 2545 altero,
975 2460 1063 2530 utile
1092 2478 1139 2528 an
1161 2459 1312 2541 inutile;

207 2603 219 2633 ι
244 2572 368 2656 tertio,
385 2573 416 2642 si
428 2574 479 2656 id,
500 2574 597 2663 quod
613 2574 775 2663 speciem
792 2571 943 2644 baberet
960 2574 1119 2658 honesti,
1133 2586 1316 2663 pugnaret

211 2714 223 2745 ι
247 2702 333 2753 eum
356 2704 400 2754 eo
426 2685 525 2775 quod
550 2685 642 2754 utile
657 2685 863 2767 videretur,
883 2686 1069 2775 quomodo
1089 2706 1133 2757 ea
1152 2686 1314 2756 discerni

207 2828 218 2857 ·
243 2805 430 2888 oporteret
457 2820 465 2866 :
495 2798 541 2867 do
557 2797 703 2868 duobus
722 2798 919 2888 generibus
944 2800 1073 2889 primis
1092 2801 1309 2890 explicavit:

205 2944 217 2976 2
244 2913 290 2982 de
303 2913 414 2984 tertio
429 2922 552 2984 autem
569 2933 702 3002 genere
715 2915 890 3005 deinceps
908 2934 948 2986 se
966 2916 1114 3006 scripsit
1126 2916 1315 2986 dicturum

205 3059 217 3090 ι
244 3019 474 3099 necersolvit
487 3029 586 3119 quod
604 3029 824 3119 promiserat
840 3029 908 3125 (lli
922 3083 931 3112 ,
946 3030 999 3124 2).
1017 3061 1029 3093 ι
1048 3031 1119 3116 Qui
1136 3032 1311 3120 proiecto,

201 3161 288 3212 cum
304 3164 348 3214 eo
365 3144 623 3234 disputationis
640 3146 821 3228 venisset,
837 3144 958 3215 noluit
977 3154 1058 3215 tum
1073 3145 1113 3214 in
1131 3145 1314 3216 lubricam

202 3257 311 3328 istam
321 3259 366 3328 de
379 3259 534 3329 honesto
547 3259 872 3342 deliberationem,
892 3259 938 3329 ad
951 3260 1066 3350 ipsius
1083 3263 1310 3351 exemplum,

203 3373 562 3457 aliosiutroducere3
579 3385 644 3445 aut
656 3376 809 3446 tortasse
826 3376 872 3446 ab
890 3395 933 3446 ea
947 3377 1234 3466 comparatione,
1254 3397 1314 3448 as-

203 3490 301 3579 peris
309 3490 387 3578 jam
405 3488 737 3581 minutissimisque
756 3490 1313 3563 Stoicorumsubtilitatibusim·

203 3604 344 3694 pedita‚
371 3604 558 3676 fastidiose
583 3607 729 3696 refugit.
755 3606 841 3676 Eam
855 3626 940 3677 vero
959 3607 1192 3697 prudentiam
1214 3609 1313 3678 baud

202 3719 367 3790 imitatus
385 3718 531 3805 Cicero,
551 3722 699 3792 tertiam
716 3722 826 3792 istam
840 3731 1005 3812 partem,
1025 3741 1112 3793 cum
1127 3722 1313 3793 Posidonii

202 3834 476 3906 commentariis
486 3833 662 3933 (κεφάλαια)
676 3890 685 3919 ,
700 3838 932 3927 aliorumque
945 3837 1192 3928 quorumdam
1201 3838 1314 3927 scrip·

202 3950 272 4035 tis,
291 3950 330 4019 in
347 3950 535 4039 integrum
550 3951 745 4021 restituere
762 3959 800 4021 et
816 3950 1003 4024 absolvere
1020 3952 1186 4024 tentavit.

251 4062 421 4135 Placebat
445 4084 532 4137 sane
564 4064 728 4135 Romano
752 4065 915 4150 homini,
945 4066 1075 4156 positis
1094 4065 1311 4138 officiorum

203 4178 415 4268 principiis,
438 4181 516 4268 jam
536 4180 844 4269 jurisconsultum
869 4177 995 4268 agere,
1022 4193 1058 4252 et
1089 4181 1193 4273 quasi
1223 4180 1311 4250 sella
