2984 4750
616 234 809 311 -t7-

206 386 312 475 Quod
329 385 360 458 si
376 404 477 457 nunc
493 390 617 456 tamen
633 385 702 456 boc
717 383 905 456 Ciceronis
923 402 1016 474 opus
1033 403 1119 455 cum
1136 395 1267 457 eorum

80 524 90 537 ·
157 503 380 593 scriptorum
404 500 510 573 libris
527 500 699 584 consero,
724 499 808 590 qui,
828 499 897 570 sub
920 499 1107 570 Caesarum
1125 503 1266 591 princi-

157 628 259 710 patu,
275 618 321 688 de
332 616 461 688 eadem
475 614 706 705 philosophia
719 613 853 686 morali
865 614 1134 697 disseruerunt,
1150 618 1269 688 novis-

157 734 270 803 simos
286 733 353 803 bos
370 740 500 802 contra
517 731 635 800 multo
653 730 765 801 altius
783 730 823 799 in
841 730 957 799 animi
976 749 1144 803 recessus
1161 750 1268 820 pene-

157 859 273 919 trasse
294 847 468 918 invenio:
496 854 625 935 utpote
651 846 716 935 qui
739 867 760 916 a
785 845 944 936 publicis
966 845 1078 916 rebus
1099 846 1269 933 gerendis

157 963 314 1045 exclusi,
332 981 459 1032 secum
474 961 625 1030 tandem
648 960 769 1031 vivere
791 960 908 1048 magis
934 959 972 1028 in
988 959 1070 1046 dies⁴
1090 980 1269 1049 cogeren-

158 1077 333 1150 tur-At
350 1086 527 1166 praeterea
543 1075 714 1146 intimam
732 1096 860 1146 rerum
877 1085 1067 1158 naturam,
1085 1096 1184 1165 cum,
1206 1097 1268 1148 so-

157 1193 245 1264 lutis
266 1193 344 1283 jam
371 1190 629 1281 compagibus,
646 1191 763 1261 moles
788 1210 831 1261 ex
857 1189 961 1261 omni
983 1201 1086 1280 parte
1113 1192 1265 1277 fatiscit,

158 1309 254 1378 sicut
269 1307 308 1376 in
329 1305 465 1397 apertis
482 1305 668 1375 cadaveris
687 1304 890 1376 visceribus
909 1326 1043 1377 arcana
1060 1307 1162 1391 viiae,
1178 1308 1268 1380 iaci-

157 1422 229 1491 lius
243 1420 605 1512 deprehendas—M.
622 1420 773 1511 quidem
787 1420 1114 1511 intrinsecarum
1128 1422 1268 1512 iniquis

159 1536 387 1626 temporibus
408 1535 571 1619 vivebat,
598 1536 644 1604 ad
661 1555 765 1625 spem
788 1536 908 1606 adbuc
932 1537 1083 1625 pronior
1105 1545 1202 1619 erat,
1221 1537 1268 1605 li-

159 1650 385 1740 bertatisque
398 1660 436 1720 et
453 1650 578 1749 gloriae
593 1652 787 1734 amantior,
804 1672 916 1741 quam
934 1660 975 1721 ut
987 1650 1088 1721 intus
1105 1651 1268 1721 remedia

159 1763 204 1833 ad
216 1765 395 1835 sanandas
413 1764 529 1834 animi
543 1765 781 1853 egritudines
794 1776 997 1856 quaereret:
1016 1767 1140 1836 omnia
1155 1767 1270 1853 igitur

160 1889 341 1970 praecepta
355 1879 400 1948 ad
414 1880 599 1951 actionem
618 1882 978 1970 ostentationemque
995 1880 1189 1963 informat3
1206 1901 1270 1951 ex-

159 1995 342 2066 trinsecus
355 2004 508 2084 spectat.
527 1994 663 2066 Seneca
680 2015 786 2079 vero,
803 1997 973 2085 adempta
995 1995 1137 2066 dodum
1151 1998 1270 2086 patria

159 2110 421 2200 libertateque,
447 2110 487 2179 in
515 2129 553 2180 se
580 2111 659 2201 ipse
682 2110 877 2181 recessisse
908 2108 1068 2192 videtur,
1097 2111 1128 2180 si
1157 2111 1269 2182 modo

160 2225 410 2296 calamitatum
424 2235 613 2314 aspectum
626 2224 876 2315 vitiorumque
889 2233 1030 2313 pestem
1048 2234 1170 2313 posset
1180 2227 1269 2296 etiu-

160 2359 255 2429 gere.
275 2340 423 2411 Nullam
438 2338 540 2411 enim
563 2348 643 2410 tum
670 2340 787 2411 virtus
803 2339 850 2409 ad
876 2339 1035 2410 bonores
1058 2340 1155 2411 viam
1181 2361 1268 2432 ape-

159 2456 301 2526 riebat:
323 2456 425 2525 nulla
450 2464 530 2525 erat
552 2455 743 2528 bominum
766 2455 913 2546 publica
939 2454 1174 2544 approbatio,
1194 2478 1267 2548 qua

160 2570 248 2639 boui
270 2571 316 2640 ad
340 2570 514 2661 praeclare
540 2570 724 2659 agendum
749 2570 1049 2660 impellerentur;
1068 2571 1170 2640 nulla
1186 2573 1268 2661 opi-

160 2685 282 2757 nionis
306 2686 530 2770 reverentia,
553 2687 699 2757 nullum
722 2695 857 2776 praeter
874 2685 1054 2775 cuiusque
1080 2687 1267 2757 conscien-

160 2803 249 2871 tiam
279 2801 427 2873 virtutis
457 2800 753 2874 incitamentum.
788 2801 946 2871 Omnem
976 2799 1094 2888 igitur.
1123 2799 1267 2872 vivendi

157 2916 390 3007 disciplinam
415 2915 551 2987 Seneca
574 2916 620 2985 ab
644 2915 906 2998 exterioribus,
927 2924 968 2984 ut
990 2915 1041 2984 ita
1063 2915 1201 3000 dicam,
1220 2917 1267 2986 ad

157 3032 334 3102 interiora
345 3031 460 3101 animi
467 3032 670 3102 devocavit.
689 3029 709 3098 J
712 3047 773 3103 am
781 3029 932 3099 intimos
944 3048 1074 3100 sensus
1086 3030 1265 3120 explorat,

157 3284 207 3332 tuit
221 3293 274 3331 esse
289 3281 436 3342 disemus,
456 3280 589 3343 vividaque
608 3281 746 3331 affectuum
762 3283 868 3345 pictura,
882 3292 942 3330 cum
951 3279 984 3329 ab
997 3282 1066 3330 omni
1081 3280 1268 3344 perturbatione

157 3363 250 3420 animi,
270 3363 421 3424 quicumque
441 3363 467 3411 iu
492 3373 566 3410 scena
587 3360 740 3423 agitabatur,
758 3373 847 3411 vacare
870 3360 989 3411 deberet?
1013 3360 1094 3423 Quam
1112 3361 1267 3414 luculentam

155 3440 266 3489 tabulam
284 3452 313 3490 ex
335 3440 412 3501 rigida
428 3439 515 3501 Reguli
534 3451 639 3502 persona
655 3441 792 3502 exprimes,
819 3441 868 3489 ubl
884 3442 1005 3490 invictam
1023 3440 1094 3490 illam
1104 3443 1182 3490 animi
1198 3454 1269 3506 aspe-

156 3522 256 3570 ritatem
265 3519 398 3583 paululum
414 3519 561 3581 utregertsr
577 3520 601 3568 Si
621 3532 699 3581 quam
719 3523 804 3569 autem
819 3519 948 3583 Sophoclis
965 3520 1138 3585 Euripidlsque
1155 3520 1267 3571 tabulam

156 3599 280 3650 Pacuvius
288 3602 314 3648 ln
323 3611 424 3650 socnam
440 3599 517 3649 labne
529 3601 672 3662 apponeret,
683 3597 803 3662 quidquid
814 3600 841 3647 iu
857 3598 968 3649 moribus
982 3598 1106 3650 infirmius
1121 3600 1267 3659 videbatur,

155 3680 230 3730 lletns
245 3678 338 3729 scilicet
347 3680 514 3740 gemitusque,
531 3677 626 3728 solebat
635 3677 742 3728 recidere
752 3697 758 3727 i
769 3677 942 3739 ulyssemque,
958 3682 987 3728 ut
995 3679 1107 3743 exemplo
1115 3683 1181 3741 utar,
1189 3682 1214 3730 in
1226 3693 1269 3730 ex-

155 3760 242 3811 tremis
251 3759 342 3821 lllptrls
349 3757 526 3808 moribundum
537 3756 670 3807 inducebat
677 3794 685 3818 ,
692 3757 799 3808 allorum
809 3758 883 3807 lictus
891 3760 927 3808 sio
938 3759 1124 3821 objurgantem:

302 3880 417 3937 conqueri
425 3879 543 3926 tartunam
553 3879 691 3936 adversam,
705 3892 753 3927 non
768 3880 891 3926 lamentari
904 3880 986 3925 decet:

301 3950 328 3996 ld
338 3950 381 3995 viri
391 3956 426 3996 est
437 3951 555 3997 alliciam:
567 3951 636 3997 dotus
645 3950 755 3997 muliebri
767 3951 861 4007 ingenio
870 3950 975 3996 additus.

154 4063 278 4128 Quoniam
292 4069 377 4116 autem
394 4065 466 4117 beros
478 4065 583 4128 quilibet
600 4065 664 4116 nulli
680 4065 758 4116 dolori
777 4066 898 4116 obnoxius
915 4065 994 4116 videri
1009 4064 1121 4125 deberet,
1138 4066 1199 4128 quid
1212 4069 1267 4128 jam

153 4143 186 4193 ad
200 4144 410 4196 commovendum
423 4145 550 4196 theatrum
564 4146 673 4196 restabat
682 4145 760 4205 aliud,
771 4158 848 4207 quam
865 4149 894 4195 nt
909 4156 1001 4195 manus
1019 4147 1046 4194 in
1057 4156 1144 4195 reram
1158 4151 1265 4209 stragem

153 4225 248 4273 actores
259 4227 433 4275 consererent?
441 4224 502 4275 Tota
511 4236 568 4287 ergo
577 4222 696 4286 tragedia
704 4223 816 4275 Romana
827 4227 853 4273 in
863 4224 1028 4287 gladiatorum
1038 4224 1104 4276 ludis
1113 4227 1265 4276 continetur,
