2984 4750
655 312 826 379 ..6-

188 498 302 572 saque
325 499 390 570 spe
415 479 643 570 opitulandi,
662 479 791 568 Remp.
824 477 1002 567 improbis
1024 478 1296 549 dilacerandam

188 596 454 685 permiserant,
493 595 539 664 ad
570 594 807 666 moriendum
837 593 1093 662 tantummodo
1122 594 1294 664 animosi.

188 709 286 797 Quid
299 710 400 781 enim
412 710 601 800 profuerat
610 708 829 778 dictatorem
841 709 1032 791 occidisse,
1043 708 1116 777 nisi
1133 718 1176 778 nt
1191 709 1296 796 regni

188 824 479 894 instrumentum
506 824 552 892 ad
587 823 789 892 deteriores
817 822 996 912 lepidum
1022 822 1298 913 Antoniumque

187 939 419 1008 deferretur?
434 940 577 1008 llortuo
588 937 723 1008 Gaesari
741 937 855 1006 Roma
867 957 1015 1027 quoquc
1033 938 1203 1026 parebat;
1220 956 1298 1008 om·

189 1056 324 1146 niaque
338 1055 528 1126 dictatoris
543 1056 656 1137 facta,
674 1054 825 1143 scripta,
839 1054 951 1136 dicta,
971 1054 1203 1143 cogitataque
1216 1062 1299 1142 post

190 1191 319 1242 necem
349 1172 433 1262 plus
452 1169 639 1251 valebant,
658 1189 771 1258 quam
791 1168 823 1237 si
846 1168 926 1258 ipse
953 1169 1100 1239 viveret.
1133 1169 1300 1239 Praesens

189 1287 305 1374 igitur
326 1295 474 1374 tempus
499 1304 625 1372 grave,
660 1284 829 1354 futurum
854 1293 979 1353 autem
1009 1284 1126 1352 multo
1150 1303 1297 1373 quoque

190 1399 376 1490 asperius,
405 1417 491 1469 cum
506 1399 584 1488 jam
597 1417 718 1488 neque
730 1397 831 1485 leges
846 1398 999 1467 omnino
1011 1407 1156 1479 essent,
1178 1418 1298 1487 neque

185 1515 422 1605 judicia‚nec
440 1515 681 1584 simulacrum
695 1510 845 1602 aliquod
860 1532 904 1583 ac
918 1513 1109 1599 vestigium
1125 1513 1295 1582 civitatis.

239 1628 442 1720 Maioribus
454 1629 625 1720 quidem,
644 1629 743 1698 inter
756 1637 811 1697 tot
822 1626 1042 1697 acerbitates
1058 1648 1199 1713 rerum,
1216 1648 1300 1718 spes

191 1744 320 1817 saltem
346 1746 488 1829 fuerat,
512 1744 720 1813 libertatem
742 1743 935 1832 otiumque
956 1751 1039 1832 post
1057 1743 1182 1812 civiles
1204 1752 1300 1813 tem-

193 1868 350 1949 pestates
383 1859 621 1929 rediturum:
643 1857 803 1946 privatas
837 1867 1014 1946 praeterea
1047 1846 1298 1942 calamitates,

191 1975 420 2065 majestatem
438 1973 586 2063 imperii
599 1972 903 2061 contemplando,
919 1973 1063 2042 facilius
1079 1974 1297 2043 tolerabant.

192 2089 299 2159 Nunc
323 2109 428 2172 vero,
453 2098 586 2179 praeter
604 2088 798 2177 repetitam
825 2088 1055 2176 improspere
1072 2089 1298 2169 libertatem,

192 2204 271 2293 ipsa
283 2203 345 2271 illa
361 2203 463 2272 urbis
475 2203 663 2272 aeternitas
682 2201 848 2270 cladibus
865 2201 1069 2284 tabescere,
1088 2212 1125 2271 et
1138 2203 1185 2271 ad
1194 2222 1302 2271 occa-

193 2338 276 2389 sum
293 2338 444 2408 vergere
461 2317 704 2408 prudentibus
719 2317 922 2388 videbatur.

243 2433 488 2521 Quocumque
505 2434 606 2502 enim
628 2434 755 2501 oculos
781 2432 1085 2515 circumferrent,
1101 2435 1154 2502 nil
1166 2436 1242 2525 jam
1258 2456 1302 2505 ex

194 2547 380 2638 prioribus
396 2548 580 2637 majorum
604 2547 785 2617 institutis
800 2547 962 2617 restabat
980 2548 1186 2637 integrum,
1207 2571 1300 2640 quo,

195 2664 234 2730 in
259 2671 361 2731 tanto
381 2663 549 2732 omnium
568 2662 776 2749 naufragio,
806 2671 982 2752 tanquam
1001 2663 1041 2730 in
1067 2673 1215 2756 portum
1233 2665 1302 2735 bo-

195 2777 314 2847 mines
330 2778 581 2864 confugerent.
590 2819 636 2828 —
649 2777 784 2864 Religio
799 2778 899 2846 enim
911 2777 1130 2866 jamdudum
1144 2779 1304 2849 neminis

195 2889 306 2962 fidem
320 2893 530 2962 obtinebat:
543 2901 581 2960 at
595 2892 697 2961 cultu
711 2892 861 2979 quidem
874 2892 1089 2974 deformata,
1104 2893 1205 2963 intus
1218 2912 1304 2963 vero

195 3008 314 3096 magis
340 3027 489 3098 quoque
515 3014 784 3102 consenuerat:
805 3019 925 3095 neque
954 3006 1157 3096 quidquam
1179 3029 1222 3078 ex
1242 3028 1304 3078 an·

195 3122 298 3212 tiqua
324 3143 390 3193 sua
408 3122 662 3203 veneratione,
683 3131 819 3210 praeter
836 3117 1019 3190 obsoletos
1037 3122 1145 3204 ritus,
1165 3123 1305 3193 ridicu-

196 3237 319 3307 lumve
336 3237 639 3326 superstitionum
658 3244 894 3325 apparatum,
915 3235 1109 3306 retinebat.
1127 3237 1305 3324 Quaenam

197 3370 330 3441 nempe
343 3352 420 3440 jam
437 3361 581 3440 poterat
592 3369 670 3419 esse
684 3370 868 3437 augurum
881 3350 1093 3432 auctoritas,
1110 3360 1305 3442 postquam

198 3465 323 3535 omnia
337 3465 459 3534 divina
476 3465 711 3553 humanaque
731 3462 852 3553 pravis
870 3461 1125 3553 improborum
1142 3465 1307 3534 libidini-

198 3581 267 3651 bus
283 3581 461 3650 iuservire
475 3579 702 3668 coegissent?
718 3598 801 3668 quae
821 3578 984 3648 Deorum
1002 3578 1220 3661 reverentia,
1241 3582 1306 3669 qui

198 3696 237 3766 in
258 3696 356 3766 ludis
377 3693 539 3764 ludibrio
556 3695 708 3782 impune
730 3691 982 3762 habebantur?
1004 3694 1088 3781 quis
1106 3694 1307 3783 immetatis

200 3811 351 3890 modus,
378 3809 561 3898 cumipse
591 3808 623 3877 J.
650 3807 770 3877 Caesar
795 3806 955 3894 pontifex
981 3808 1163 3877 maximus
1186 3810 1307 3898 palam

200 3924 323 3993 omnia
339 3943 441 3992 sacru
460 3924 695 4012 projecisset?
715 3921 811 3991 Dum
830 3921 1014 4010 principes
1027 3921 1203 4005 civitatis,
1219 3921 1308 3990 Var-

200 4058 316 4128 roque
332 4037 532 4126 Ciceroque
546 4038 625 4125 ipse
647 4046 791 4116 noster,
807 4035 908 4103 domi
922 4036 1020 4103 inter
1032 4036 1177 4125 epulas,
1191 4036 1308 4106 aniles

199 4154 288 4223 istas
307 4151 484 4241 ineptias,
510 4170 767 4240 augurumque
792 4149 934 4219 somnia
951 4148 1175 4231 illudebant3
1206 4151 1310 4241 plebs

201 4276 349 4349 contra,
369 4286 450 4360 quae
467 4266 580 4334 sacris
597 4265 720 4334 minus
739 4283 864 4333 carere
883 4264 1014 4354 possit,
1032 4266 1165 4352 spretis
1181 4266 1310 4355 patriae
