2984 4750
587 261 784 331 ...31-

130 433 260 502 Noster
292 431 492 520 expromit3
528 442 681 520 remque
711 432 875 520 primum
910 432 1130 519 generaliter
1157 452 1237 501 am-

129 547 275 637 plexus,
292 546 472 634 singulari
490 545 762 634 moderatione,
781 556 823 620 ut
840 546 879 615 in
898 546 1046 617 homine
1064 564 1232 629 romano,

130 662 315 752 praecipit,
336 680 418 751 quae
445 661 557 731 etlam
587 662 757 731 adversus
785 662 907 731 hostes
936 661 1161 733 observanda
1193 662 1245 732 sit

127 777 281 867 justitia.
300 776 442 845 Bellum
472 794 605 867 nempe
640 785 766 847 monet
792 776 840 845 ob
871 794 953 845 eam
980 777 1241 846 tantummodo

130 908 278 961 causam
296 891 590 980 suscipiendum,
609 902 650 962 ot
668 892 748 961 sine
773 890 911 980 injmia
936 890 1100 959 vivatur:
1120 910 1241 980 neque

131 1007 233 1096 prius
247 1006 292 1074 ad
307 1022 408 1075 arma
425 1008 622 1095 confugere
636 1007 746 1078 licere
758 1061 767 1090 ,
779 1025 892 1096 quam
909 1008 1044 1076 frustra
1062 1006 1240 1096 discepta-

110 1120 270 1187 tionem
297 1118 342 1186 ad
370 1120 642 1208 componendas
671 1120 755 1189 lites
783 1119 1030 1189 adhibueris:
1057 1119 1114 1186 vix
1138 1128 1241 1209 parta

132 1244 255 1303 atatem
269 1234 439 1318 victoria,
457 1236 536 1323 paci
547 1254 698 1325 prorsus
712 1234 981 1304 consulendum
993 1289 1002 1317 ,
1013 1234 1239 1325 devictisque

133 1349 343 1419 nationibus
356 1349 600 1439 parcendum,
613 1370 696 1439 quae
716 1350 761 1418 ad
776 1347 1011 1437 imperatoris
1027 1350 1138 1421 fidem
1155 1369 1241 1423 con-

132 1463 302 1550 fugerint.
338 1500 365 1513 -·
399 1462 480 1549 Quo
503 1463 655 1552 quidem
676 1463 761 1552 jure
790 1463 974 1550 gentium,
1002 1464 1095 1533 nihil
1122 1465 1244 1535 verius
1310 1527 1314 1532 .

134 1576 397 1667 pulchriusque
410 1597 567 1667 usquam
584 1578 779 1647 invenerIs
804 1577 874 1648 Sed
890 1597 995 1661 cum,
1017 1579 1075 1648 his
1089 1580 1239 1669 positia,

133 1700 188 1760 tot
203 1692 298 1760 bella
310 1692 486 1761 continuo
503 1692 542 1759 fn
558 1692 775 1761 memoriam
789 1701 1009 1774 occurrunt,
1028 1693 1235 1763 aRomanis

131 1806 268 1895 inJuria
286 1817 454 1896 suscepta
468 1807 753 1897 proflfgataque,
770 1807 850 1878 istis
865 1808 943 1897 jam
960 1808 1243 1879 difficultatibus

132 1921 350 2011 impeditus,
366 1941 445 1991 rom
466 1922 582 1990 levius
595 1921 762 2010 attingit,
779 1933 891 2012 atque
909 1923 954 1991 ad
972 1924 1044 1992 alia
1059 1924 1223 1994 deflectit
1233 1949 1246 2006 ;Ι

132 2036 342 2125 fecialisque
362 2036 459 2124 juris
485 2036 523 2103 in
550 2035 718 2106 formulis
741 2025 1177 2126 commoraturaqoibus
1202 2059 1245 2109 ex

133 2150 274 2237 legibus
288 2151 366 2240 jam
390 2151 477 2220 satis
494 2160 573 2221 erat
597 2150 737 2219 bellum
756 2151 826 2220 rite
848 2150 1107 2222 denuntiatum
1133 2154 1248 2223 fuisse
1298 2215 1303 2218 .

133 2274 170 2334 et
185 2266 384 2347 indictum,
409 2275 450 2335 ut
472 2286 538 2355 pro
554 2266 655 2354 Justo
679 2264 888 2335 haberetur.
911 2265 969 2335 Sia
987 2266 1025 2334 in
1045 2267 1155 2336 tertio
1177 2288 1248 2339 suo

133 2385 179 2452 de
200 2383 289 2470 Rep.
310 2383 424 2465 libre,
453 2391 649 2472 postquam
674 2382 893 2472 disceptatio
907 2383 946 2451 in
969 2384 1136 2454 eamdem
1163 2402 1244 2456 rem

133 2497 343 2580 incidisset,
362 2498 461 2567 idem
486 2507 634 2568 senatus
661 2498 808 2569 fraudes
825 2499 985 2587 quadam
1007 2500 1105 2589 juris
1123 2502 1246 2590 specie

133 2630 307 2682 excusare
323 2613 538 2695 conabatur,
565 2613 845 2703 debellandique
876 2614 1160 2702 perpetuitatem
1187 2623 1245 2685 tot

134 2726 410 2816 triumphorum
443 2720 639 2817 splendore
678 2724 743 2822 (ut
776 2729 827 2798 ita
854 2728 1002 2823 dicam)
1030 2728 1242 2800 involvere:

135 2827 288 2912 Romam
307 2842 462 2925 scilicet,
480 2842 589 2912 sociis
612 2862 759 2934 semper
782 2843 1037 2928 defendendis,
1060 2854 1247 2915 terrarum

136 2958 305 3027 omnium
335 2959 585 3048 potitam-esse
610 2980 618 3028 :
642 2959 837 3049 ipsamque
857 2978 938 3028 eam
954 2958 1247 3030 dominationem

135 3072 288 3142 devictis
302 3073 472 3161 gentibus
481 3075 675 3164 profuisse,
688 3094 780 3164 quas
789 3093 931 3164 sparsas
945 3074 1059 3143 Roma
1073 3075 1115 3143 in
1128 3091 1247 3144 unum

135 3188 355 3277 imperium,
370 3190 591 3281 easdemque
609 3190 777 3259 moribus
796 3208 838 3259 ae
855 3190 984 3276 lingua
1001 3189 1189 3260 discordes
1205 3188 1248 3258 ih

136 3304 248 3373 unius
282 3307 462 3375 sermonis
491 3306 757 3376 commercium
788 3314 824 3375 et
850 3305 1120 3376 humanitatem
1156 3323 1250 3375 con-

136 3420 299 3489 traxerit.
324 3421 430 3507 Quod
452 3423 582 3491 saltem
603 3421 705 3491 dictu
727 3431 836 3491 tenos
853 3421 1060 3511 speciosum
1082 3430 1172 3490 erat.
1212 3462 1248 3472 -·

137 3534 243 3604 Nunc
259 3544 384 3605 autem
398 3537 496 3626 qood
510 3537 652 3627 justum
666 3545 735 3619 est,
755 3535 889 3606 mellus
905 3536 1037 3607 Noster
1054 3535 1245 3606 observat:

136 3658 247 3739 atque
267 3650 298 3719 si
315 3652 461 3740 quando
475 3651 521 3720 de
544 3651 700 3741 imperio
721 3660 785 3720 aut
800 3650 915 3738 gloria
932 3650 1155 3734 decertetur,
1180 3652 1250 3721 hoc

135 3764 277 3834 bellum
307 3765 431 3836 minus
458 3755 587 3836 acerbe
620 3766 821 3854 gerendum
853 3784 933 3834 esse
957 3775 1102 3849 monet,
1136 3785 1249 3855 quam

134 3880 169 3947 si
200 3886 388 3949 certamen
419 3900 485 3970 pro
519 3882 636 3951 salute
661 3875 711 3949 'ac
737 3880 908 3949 libertate
940 3887 1046 3948 esset.
1088 3879 1136 3947 Ea
1161 3897 1251 3949 vero

135 3994 336 4066 humanior
364 3993 571 4065 debellandi
595 3996 689 4064 ratio
710 3994 931 4085 jamdudum
960 3991 1114 4063 Romam
1141 4012 1248 4083 pene

135 4119 237 4178 trare
254 4120 426 4199 coeperat.
450 4107 684 4181 AEmilianum
706 4110 807 4180 enim
835 4107 1064 4197 accepimus,
1086 4107 1251 4178 clarissi-

135 4243 241 4295 mum
255 4224 361 4294 illum
372 4224 526 4296 Panaetii
545 4226 770 4307 auditorem,
789 4223 969 4295 acerrime
985 4220 1248 4309 Carthaginem
