2984 4750
694 205 888 280 ηε...

241 384 360 459 terea,
400 375 499 466 quod
521 394 617 447 uuus
640 374 796 447 rationis
820 382 877 447 eat
900 371 1104 466 particeps,
1119 368 1347 469 ωἰηειιρεΐ,

241 509 325 581 quae
343 510 431 562 cum
450 490 526 563 Deo
540 508 762 579 summoque
778 488 879 561 bono
902 490 1101 579 coniuncta
1117 500 1224 572 sunt,
1250 509 1354 580 pers·

242 606 390 697 picere,
412 625 532 696 neque
557 604 593 674 id
621 613 766 675 tantum
795 603 894 694 quod
911 605 1027 689 adest,
1047 605 1112 677 sed
1133 604 1248 679 totius
1270 605 1353 674 vitan

240 739 393 792 cursum
411 720 536 790 auimo
554 720 769 808 complecti,
790 719 841 791 ita
862 729 902 788 ut
919 718 1064 790 adeam
1084 729 1199 795 totam
1217 719 1354 807 degen-

240 833 326 902 dam
344 833 569 905 necessarias
583 853 671 923 opes
699 853 912 922 comparare
937 834 1075 924 possit:
1095 853 1256 925 cumque
1269 833 1354 911 ¹bel-

240 947 303 1018 lua
328 967 425 1021 caeco
449 949 570 1021 solnm
596 967 725 1019 sensus
755 947 897 1038 impetu
921 957 1133 1030 moveatur,
1163 948 1352 1027 hominem

240 1082 326 1137 vero
352 1063 495 1137 homini
516 1063 644 1137 eadem
662 1063 697 1132 vi
722 1063 879 1135 rationis
901 1063 1109 1144 conciliari,
1141 1082 1217 1137 uon
1242 1062 1353 1139 modo

240 1178 470 1251 adstabilem
487 1177 650 1269 conjugii
677 1177 885 1267 domusque
903 1176 1095 1249 sedetiam
1112 1177 1277 1253 civitatis
1293 1197 1354 1255 so·
1385 1176 1386 1179 ’

241 1293 411 1367 cietatem
439 1315 448 1362 ε
475 1313 562 1366 eum
599 1292 760 1384 denique
797 1292 924 1365 ideoa
952 1300 1084 1362 natura
1114 1291 1353 1370 informatura

238 1428 336 1492 esse,
352 1416 394 1479 ut
412 1407 502 1498 quid
521 1427 649 1479 verum
667 1406 736 1492 sit,
758 1407 847 1498 quid
863 1406 974 1490 ordo,
988 1405 1077 1496 quid
1095 1406 1243 1489 deceat,
1263 1406 1353 1496 quid

239 1542 328 1605 non,
344 1523 481 1593 sentiat
492 1524 824 1613 anrplectaturque
842 1521 1099 1614 justitiamque
1109 1529 1351 1609 tueatur,.ne-

240 1636 406 1726 mtnique
424 1656 574 1727 parere,
592 1637 670 1710 uisi
682 1636 846 1725 legitime
861 1636 1081 1727 imperanti,
1099 1633 1325 1731 relit(1,t).

288 1754 431 1842 Quibus
441 1775 485 1827 eu
501 1754 654 1829 diversis
669 1755 785 1825 animi
802 1754 1022 1831 momentis,
1039 1751 1174 1844 quibus
1186 1755 1353 1829 humana

239 1878 371 1937 natura
388 1869 620 1952 continetur,
645 1867 791 1955 singula
809 1867 891 1935 vitae
908 1867 1028 1937 officia
1049 1868 1180 1938 Noster
1197 1868 1348 1943 derivat.

174 1971 177 1976 ’
240 1982 298 2055 Sic
313 1982 448 2053 intimo
462 1981 622 2056 hominis
640 1982 679 2050 in
699 1990 924 2070 pectore,.ut
936 1981 987 2050 ita
1002 1979 1135 2063 dicam,
1151 1991 1351 2060 scrutatur,

239 2097 328 2187 quid
354 2098 431 2186 ipse
454 2097 554 2171 Deus
581 2097 715 2186 cuique
736 2095 969 2188 praeceperit,
1000 2116 1186 2189 quumque
1202 2095 1354 2185 ,propria

241 2231 354 2283 mauu
374 2213 493 2298 legem
510 2220 686 2283 aeternam
706 2211 808 2281 intus
822 2209 1073 2299 descripserit.

762 2593 835 2661 IV.

272 2798 391 2848 Virtutis
408 2800 438 2846 tu
449 2798 586 2861 ueneratus
600 2809 663 2845 tuor
672 2802 763 2857 parter
776 2774 925 2857 descriptio.
939 2823 967 2829 -
978 2796 1119 2845 Prudentia.
1132 2823 1163 2831 —
1171 2796 1279 2846 Iustitia.
1290 2823 1319 2830 -

610 2876 744 2925 Fortitudo.
755 2902 786 2912 -
794 2876 974 2937 Temperantia.

723 3051 821 3097 t'treudi
836 3057 897 3094 recte
905 3060 988 3105 sapere
996 3055 1067 3092 estet
1075 3048 1216 3104 principium
1226 3054 1249 3090 et
1259 3047 1322 3099 tons,

721 3124 777 3165 Rern
788 3122 828 3165 tibi
841 3120 964 3168 Socraticae
975 3125 1084 3175 poterunt
1095 3120 1222 3163 ostendere
1234 3118 1328 3161 charte.

1047 3199 1122 3252 Hor„
1137 3200 1179 3241 Ars
1190 3210 1223 3253 p„
1239 3201 1286 3242 too:

290 3397 490 3492 Postquam
507 3400 560 3470 sic
571 3407 764 3479 naturam,
780 3397 923 3466 ratione
937 3394 1131 3481 magistra,
1150 3392 1283 3462 ducem
1300 3411 1355 3460 se·

242 3517 431 3608 quendam
458 3533 537 3584 esse
561 3511 683 3602 posuit
707 3510 860 3593 Cicero,
895 3510 1006 3599 idque
1032 3527 1111 3579 esse
1142 3525 1354 3596 supremam
1371 3503 1381 3518 ‘'

239 3631 384 3702 vivendi
409 3631 528 3717 legem
549 3627 743 3716 omnisque
762 3623 907 3697 honesti
924 3625 1084 3709 fontem,
1103 3623 1181 3711 jam
1207 3621 1248 3691 in
1269 3640 1355 3690 suas

240 3753 362 3836 partes
382 3742 473 3811 illud
487 3742 709 3821 honestum,
730 3739 828 3809 unde
854 3744 932 3807 tota
952 3735 1025 3804 vita
1041 3733 1243 3821 dirigatur,
1264 3751 1355 3801 cou-

240 3861 345 3929 tiuuo
363 3855 570 3926 describere
589 3854 803 3942 aggreditur
821 3876 829 3921 :
846 3851 964 3939 Atque
979 3849 1017 3917 in
1029 3847 1160 3916 ordine
1169 3855 1351 3924 recenset,

240 3993 323 4065 quae
342 3971 497 4060 singulis
513 3992 555 4039 ex
573 3969 631 4047 his
656 3967 804 4037 virtutis
829 3963 996 4056 partibus
1020 3970 1122 4033 certa
1153 3968 1354 4030 nascantur·

241 4086 447 4160 officiorum
470 4105 616 4175 genera.

288 4201 415 4289 Quaiu
427 4201 638 4292 partitione,
653 4181 815 4267 veterem
829 4193 1105 4265 Socraticorum
1122 4190 1352 4272 divisionem,
