2984 4750
642 285 812 353 ..6.-

176 471 288 544 saque
313 472 376 542 spe
402 452 629 542 opitulandi,
650 452 778 541 Remp.
810 449 989 540 improbis
1011 450 1283 524 dilacerandam

176 569 440 657 permiserant,
480 566 525 637 ad
556 566 794 639 moriendum
824 567 1079 636 tantummodo
1109 567 1281 638 animosi.

176 681 273 768 Quid
287 683 386 754 enim
399 683 587 772 profuerat
597 682 815 752 dictatorem
829 682 1018 766 occidisse,
1030 682 1102 752 nisi
1120 692 1162 752 ut
1178 683 1283 770 regni

175 796 465 869 instrumentum
493 797 538 865 ad
574 796 775 866 deteriores
803 796 981 884 Lepidum
1010 795 1284 887 Antoniumque

175 911 405 981 deferretur?
421 913 563 981 Mortuo
575 910 709 982 Caesari
727 911 841 980 Roma
854 930 1001 1002 quoque
1020 912 1190 1001 parebat;
1208 931 1284 982 om·

176 1028 310 1118 niaque
325 1028 514 1099 dictatoris
530 1029 642 1110 facta,
661 1028 811 1115 scripta,
826 1027 937 1111 dicta,
958 1028 1189 1118 cogitatuque
1203 1035 1285 1117 post

177 1162 305 1214 necem
336 1144 419 1233 plus
439 1142 625 1225 valebant,
646 1161 758 1231 quam
778 1142 809 1211 si
833 1141 912 1231 ipse
940 1142 1086 1213 viveret.
1120 1143 1287 1213 Praesens

176 1258 290 1346 igitur
313 1265 460 1347 tempus
486 1277 611 1345 grave,
647 1257 815 1327 futurum
841 1267 965 1327 antem
997 1257 1113 1328 multo
1137 1276 1284 1348 quoque

177 1372 362 1461 asperius,
392 1389 477 1442 cum
493 1371 569 1460 jam
584 1390 704 1461 neque
717 1370 817 1458 leges
833 1372 985 1440 omuino
998 1380 1142 1454 essent,
1164 1391 1285 1463 neque

172 1485 408 1576 jndicia,nec
426 1487 668 1557 simulacrum
682 1484 831 1575 aliquod
847 1506 890 1556 ac
905 1486 1095 1574 vestigium
1112 1486 1281 1557 civitatis.

227 1601 428 1691 Maioribus
441 1602 610 1692 quidem,
630 1603 729 1672 inter
742 1610 797 1670 tot
809 1599 1028 1672 acerbitates
1044 1621 1185 1688 rerum,
1204 1621 1287 1693 spes

178 1716 307 1789 saltem
333 1719 474 1802 fuerat,
499 1718 706 1787 libertatem
729 1716 921 1805 otiumque
943 1726 1025 1807 post
1043 1716 1168 1787 civiles
1191 1727 1286 1788 tern-

180 1841 337 1923 pestates
369 1832 607 1902 rediturum:
630 1829 789 1918 privatas
823 1841 1000 1919 praeterea
1034 1818 1285 1915 calamitates,

178 1947 405 2038 majestatem
424 1945 572 2035 imperii
586 1945 889 2034 contemplando,
905 1946 1049 2016 facilius
1066 1948 1284 2017 tolerabant.

179 2061 285 2132 Nunc
310 2081 414 2145 vero,
439 2071 571 2151 praeter
591 2060 784 2150 repetitam
813 2060 1041 2151 improspere
1058 2062 1284 2143 libertatem,

178 2176 257 2264 ipsa
270 2176 332 2244 illa
348 2176 449 2245 urbis
462 2176 649 2246 aeternitas
669 2175 834 2245 cladibus
852 2175 1055 2257 tabescere,
1075 2186 1111 2245 et
1126 2176 1289 2246 adacca-

180 2310 262 2361 sum
280 2309 430 2381 vergere
447 2290 689 2380 prudentibus
705 2290 909 2361 videbatur.

229 2406 473 2494 Quocumque
491 2406 591 2475 enim
614 2407 740 2474 oculos
768 2405 1071 2489 circumferrent,
1088 2408 1140 2476 nil
1153 2409 1230 2498 jam
1245 2430 1288 2480 ex

181 2520 365 2610 prioribus
382 2521 566 2610 majorum
591 2520 771 2620 institutis
787 2520 948 2591 restabat
967 2521 1172 2611 integrum,
1195 2545 1286 2614 qno,

181 2637 220 2703 in
245 2644 347 2704 tanto
368 2635 535 2705 omnium
554 2636 762 2722 naufragio,
793 2644 968 2725 tanquam
988 2636 1027 2705 in
1053 2645 1202 2730 portum
1220 2639 1289 2709 bo-

182 2749 300 2821 mines
317 2750 622 2837 confugerent—
635 2750 770 2837 Religio
786 2750 885 2819 enim
897 2750 1117 2839 jamdudum
1132 2753 1291 2822 neminis

182 2859 291 2935 fldem
306 2864 516 2935 obtinebat:
530 2872 567 2932 at
581 2865 682 2936 cultu
697 2864 847 2954 quidem
861 2865 1076 2949 deformata,
1090 2867 1192 2937 intus
1205 2886 1290 2938 vero

182 2980 300 3069 magis
327 2999 475 3070 quoque
501 2987 770 3075 consenuerat:
791 2991 911 3069 neque
940 2980 1143 3070 quidquam
1167 3002 1208 3052 ex
1229 3003 1291 3052 an-

182 3093 285 3186 tiqua
311 3116 376 3165 sua
394 3095 648 3176 veneratione,
670 3105 805 3184 praeter
823 3089 1005 3165 obsoletos
1023 3097 1131 3179 ritus,
1152 3096 1292 3167 ridicu-

183 3211 306 3279 lumve
322 3210 626 3298 superstitionum
644 3217 880 3298 apparatum,
902 3209 1095 3280 retinebat.
1114 3211 1291 3296 Quaenam

185 3343 316 3413 nempe
330 3324 407 3413 jam
423 3333 566 3414 poterat
578 3342 656 3392 esse
671 3343 853 3410 augurum
867 3324 1079 3404 auctoritas,
1097 3333 1292 3415 postquam

185 3438 309 3508 omnia
324 3439 445 3507 divina
463 3438 697 3526 humanaque
719 3436 838 3526 pravis
856 3435 1111 3525 improborum
1128 3438 1294 3508 libidini-

185 3554 253 3623 bus
271 3554 447 3624 inservire
462 3552 688 3641 coegissent?
704 3571 787 3641 quae
807 3551 970 3621 Deorum
988 3553 1207 3635 reverentia,
1228 3556 1293 3645 qui

185 3669 223 3741 in
245 3668 341 3738 ludis
363 3667 527 3737 ludibrio,
542 3667 694 3756 impune
717 3664 968 3735 habebantur?
991 3666 1075 3755 quis
1092 3667 1294 3757 impietatis

186 3783 338 3862 modus,
365 3781 547 3870 cumipse
577 3781 610 3849 J.
637 3779 757 3850 Caesar
782 3779 941 3867 pontifex
968 3781 1149 3852 maxiurus
1174 3783 1293 3871 palam

186 3895 310 3966 omnia
326 3915 427 3964 sacro
446 3895 682 3984 projecisset?
702 3894 798 3964 Dum
817 3894 1001 3984 principes
1014 3895 1189 3978 civitatis,
1205 3895 1294 3965 Var-

186 4030 302 4100 roque
319 4010 518 4098 Ciceroque
532 4010 612 4099 ipse
634 4019 778 4090 noster,
794 4007 893 4078 domi
909 4009 1006 4077 inter
1020 4009 1164 4099 epulas,
1178 4010 1294 4081 aniles

185 4127 275 4196 istas
293 4124 471 4213 ineptias,
497 4143 754 4213 augurumque
779 4123 920 4194 somnia
938 4121 1162 4205 illudebant3
1193 4125 1296 4215 plebs

187 4248 335 4323 contra,
354 4258 436 4332 quae
454 4239 566 4307 sacris
583 4238 706 4306 minus
725 4256 851 4306 carere
870 4236 1001 4329 possit,
1018 4239 1151 4325 spretis
1167 4241 1296 4330 patriae
