2984 4750
719 648 816 719 vlt.

262 862 302 912 lis
318 863 395 915 Utile.
405 891 432 898 -
446 864 575 926 Quatenus
587 865 625 913 tir
641 864 721 913 bonus
734 866 836 927 privatis
855 864 1002 913 utilitatibus
1013 868 1088 926 possit
1099 865 1236 916 considere.
1246 887 1276 901 -ε

555 943 589 992 lle
600 941 710 992 honestis
721 941 864 992 ambitionis
876 943 978 992 artibus.

692 1109 760 1154 Omni
775 1110 942 1165 incursatione
955 1111 1054 1157 colende
1064 1116 1087 1154 ct
1103 1111 1325 1165 rstiueudtjustitis

667 1186 715 1234 ssi,
731 1186 780 1225 tum
791 1181 840 1237 ipss
851 1186 945 1238 propter
951 1192 1018 1234 sese,
1029 1187 1077 1224 turn
1088 1187 1181 1237 propter
1190 1182 1323 1239 amplitice-

670 1251 755 1295 tionam
767 1251 863 1295 lionoris
871 1263 898 1295 ac
909 1252 995 1306 glorie.

983 1349 1032 1402 (tile
1048 1350 1100 1405 Off..
1112 1348 1144 1401 ll,
1160 1351 1202 1403 tt.)

264 1544 463 1634 Postquam
479 1541 579 1632 Reip.
594 1542 886 1626 civissatisfecit‚
902 1553 981 1613 tum
996 1544 1066 1613 sibi
1077 1545 1227 1636 suisque
1237 1548 1326 1617 licet

213 1660 404 1731 inservire.
424 1698 469 1710 -
489 1657 586 1744 Quid
609 1658 724 1747 igitur
750 1656 820 1728 sibi
843 1658 1001 1749 quisque
1024 1659 1179 1743 debeat,
1195 1672 1327 1752 quate-

216 1794 360 1865 nusque
378 1773 590 1844 domesticis
609 1771 720 1843 rebus
737 1774 889 1843 honeste
905 1776 1098 1845 consulere
1118 1777 1254 1865 possit,
1272 1797 1327 1848 se

215 1888 337 1959 cundo
353 1888 410 1958 sui
424 1888 545 1977 operis
556 1888 651 1979 libro
668 1886 854 1957 subtiliter
872 1887 999 1958 Cicero
1009 1890 1238 1980 exsequitur,
1257 1902 1328 1961 sla-

216 2004 373 2093 tuisque.

266 2118 348 2189 Jam
381 2117 584 2188 Panaetium
615 2137 726 2207 supra
749 2118 933 2199 vidimus,
954 2119 1329 2209 aprincipibusStoae

218 2234 515 2316 dissentientem,
533 2241 666 2322 praeter
685 2233 722 2303 id
734 2232 834 2323 qtrod
850 2233 1015 2303 absolute
1029 2234 1330 2306 honestumesset

218 2358 256 2420 ct
273 2367 338 2439 per
350 2367 389 2418 se
407 2347 674 2437 expetendum,
695 2347 831 2418 multas
853 2366 1001 2437 quoque
1018 2347 1108 2419 alias
1124 2368 1185 2420 res
1200 2370 1330 2441 appro-

220 2464 327 2547 bare,
344 2474 386 2534 ut
402 2463 546 2533 divitias
561 2516 572 2546 ,
586 2464 744 2533 honores
757 2471 795 2532 et
808 2461 962 2545 similia,
980 2483 1075 2553 quae,
1091 2466 1331 2555 quamvisper

220 2598 259 2650 se
276 2577 369 2647 nihil
400 2577 621 2659 honestum,
639 2576 732 2646 nihil
759 2586 866 2666 turpe
894 2578 1074 2661 habeant,
1105 2597 1180 2650 non
1210 2590 1330 2650 tamen

221 2690 466 2781 despiciendae
484 2690 694 2773 videantur,
711 2691 848 2781 quippe
862 2712 980 2782 quum
999 2693 1200 2783 plurimum
1219 2694 1265 2764 ad
1278 2697 1333 2765 el-

189 2847 192 2852 «
223 2805 420 2903 delendam
443 2806 559 2892 vitam,
586 2806 731 2876 beatam
752 2805 956 2896 proficiant.
988 2808 1116 2897 ltaque
1130 2828 1191 2880 res
1208 2810 1336 2880 istius·

223 2921 323 2992 modi
337 2921 442 3012 quasi
456 2921 594 2992 medias
604 2931 642 2992 et
654 2940 722 3012 per
732 2941 771 2991 se
782 2922 1033 2994 indifferentes
1050 2924 1245 3027 (ἀδιαφόροις)
1257 2945 1335 2995 esse

223 3036 395 3118 docebat3
426 3056 509 3126 quae
532 3036 571 3105 in
599 3036 688 3106 alias
713 3047 824 3126 atque
852 3037 940 3106 alias
960 3038 1157 3127 qualitates
1173 3041 1337 3113 converti

224 3160 394 3242 possent,
420 3161 529 3241 prout
556 3153 713 3241 quisque
742 3152 790 3221 iis
814 3151 908 3221 bene
934 3161 999 3222 aut
1021 3153 1115 3223 male
1140 3163 1331 3225 uteretur:

224 3265 371 3336 easdem
390 3285 523 3355 nempe
541 3266 679 3356 pariter
694 3265 809 3336 autin
825 3265 972 3335 virtutis
985 3267 1289 3351 similitudinem,
1305 3269 1336 3337 si

225 3381 319 3450 bene
338 3388 606 3463 tractarentur,
621 3379 755 3451 adduci
772 3399 878 3470 posse
891 3434 900 3464 ,
915 3389 979 3451 aut
986 3381 1016 3450 si
1027 3383 1142 3466 male,
1158 3381 1198 3451 in
1208 3383 1338 3453 vitium

226 3494 427 3585 depravari.
445 3493 534 3563 lnde
552 3496 713 3565 secunda
729 3514 810 3578 sua,
829 3506 908 3570 κατὰ
925 3505 958 3570 τὸ
972 3505 1126 3580 Kaisias,
1147 3496 1277 3567 Officia
1293 3497 1338 3568 ad

227 3610 444 3700 popularem
461 3619 611 3699 captum
624 3605 898 3700 composuerat,

277 3724 336 3796 Sic
352 3733 390 3794 et
405 3724 567 3810 Tullius,
589 3726 766 3817 quoniam
785 3743 858 3795 non
882 3725 928 3794 ad
945 3723 1112 3815 perfectos
1129 3726 1285 3797 domines
1297 3747 1338 3796 ac

224 3841 329 3929 plane
338 3840 508 3928 sapientes
520 3841 716 3921 scribebat,
730 3848 829 3910 totus
840 3839 900 3908 hic
914 3840 1028 3909 ferme
1043 3840 1081 3908 in
1093 3839 1340 3911 mediocribus

228 3955 309 4026 istis
325 3963 436 4044 atque
453 3956 551 4026 inter
568 3956 767 4026 utilitatem
785 3954 1034 4045 virtutemque
1051 3956 1265 4046 temperatis
1282 3957 1340 4028 Ol·

230 4070 322 4140 ficiis
354 4079 421 4139 cst.
454 4070 597 4141 Bonum
631 4071 757 4160 itaque
789 4071 910 4139 virum
939 4079 1015 4140 tam
1040 4090 1172 4160 parum
1195 4071 1242 4140 ab
1275 4090 1339 4140 au·

232 4183 360 4271 gendis
373 4185 531 4273 propriis
545 4184 655 4253 rebus
670 4185 855 4254 deterrere
869 4185 1021 4272 cogitat,
1038 4195 1079 4254 ut
1092 4187 1340 4257 minutissime
