2984 4750
633 227 825 297 ...39-

175 391 262 469 dem
277 390 329 467 nil
343 399 520 481 prouertu
535 389 580 460 de
591 390 668 461 Diis
681 391 858 465 ullirmuri
870 410 976 482 posse
984 392 1279 465 concludentem.

177 505 280 576 -At
297 507 449 579 fortusse
466 505 550 595 quis
567 505 729 597 objiciet,
750 508 791 577 in
804 509 875 579 boc
886 508 1050 599 prolecto
1060 508 1106 579 de
1120 525 1194 599 quo
1213 509 1283 579 dis-

174 631 469 715 prerumpere,
493 621 656 697 Tullium
668 623 746 694 Diis
761 624 881 714 prima
894 624 1021 696 deberi
1039 626 1160 697 officia
1174 625 1284 696 insti-

173 737 301 820 tuisse,
315 734 476 809 secunde
489 736 632 826 patrie,
644 737 753 808 tertia
767 738 1001 827 parentibus,
1016 739 1190 830 deinceps
1205 758 1298 828 gre.

173 851 290 927 dotim
305 851 460 941 reliquls
475 848 542 940 (l).
571 850 668 938 Quid
691 858 838 925 tutem?
860 854 1061 944 Postquam
1078 855 1281 945 speciosam

173 966 275 1037 illum
293 967 501 1046 officiorum
518 967 818 1041 distributionem
835 969 875 1040 iu
891 970 1011 1041 fronte
1025 970 1146 1060 operis
1157 978 1282 1042 osten-

173 1083 277 1167 tavit,
296 1102 384 1157 sune
401 1092 444 1155 ut
464 1084 563 1173 vulgi
578 1085 822 1158 imbecillitati
834 1086 1145 1176 morigeraretur3
1163 1087 1202 1155 in
1220 1106 1283 1157 ex-

176 1197 356 1286 plicandis
372 1199 527 1288 singulis
542 1200 690 1273 virtutis
708 1201 894 1292 partibus,
914 1201 1014 1273 idem
1027 1203 1105 1292 jum
1117 1202 1212 1273 Deos
1227 1222 1283 1273 re·

172 1314 283 1401 leget,
293 1323 470 1405 tunquam
487 1316 625 1406 publici
643 1317 901 1389 tantummodo
915 1317 1011 1407 juris
1023 1317 1154 1404 religio
1165 1328 1280 1401 esset;

174 1446 296 1517 neque
313 1427 353 1499 in
368 1428 509 1518 privato
531 1449 575 1500 eu
591 1430 675 1500 vitoe
692 1431 908 1521 disciplina,
923 1430 1013 1521 quid
1029 1418 1075 1502 iis
1089 1429 1279 1514 debeatur,

168 1542 453 1633 disceptandum
471 1563 550 1615 esse
567 1554 683 1634 putet.
712 1545 792 1617 lmo
810 1546 926 1629 Deos,
942 1545 1135 1635 siquando
1151 1566 1282 1618 eorum

171 1658 398 1730 mentionem
431 1659 561 1743 iaciat,
599 1661 645 1730 ed
677 1681 768 1732 vena
799 1680 913 1752 prope
944 1662 1094 1732 nomine
1127 1661 1278 1750 redigit3

170 1773 344 1863 idemque
371 1774 417 1847 de
435 1775 481 1847 iis
504 1776 641 1848 sentire
658 1776 823 1861 videtur,
850 1786 960 1867 utque
987 1776 1125 1848 Ennius
1147 1777 1187 1848 iu
1215 1797 1284 1850 sno

143 1944 158 1959 .
172 1889 369 1961 Telamone
386 1910 395 1958 :

288 2047 347 2109 'Ego
356 2046 436 2098 Derim
446 2060 524 2109 genus
535 2061 588 2100 esse
598 2061 695 2113 semper
705 2050 771 2111 dlxi,
787 2054 813 2101 et
823 2050 905 2100 mmm
919 2050 1046 2111 culleum,

293 2125 341 2177 sed
352 2139 394 2178 eos
405 2139 455 2177 non
468 2140 556 2178 curere
562 2129 667 2193 opinor,
677 2128 744 2191 quud
755 2132 813 2191 aust
822 2128 963 2179 humanum
975 2142 1062 2191 genus.

218 2260 414 2347 Quodnam
425 2263 526 2333 enim
533 2264 611 2353 jam
626 2263 719 2334 illud
737 2266 794 2336 est
808 2264 1008 2337 ridiculum
1022 2265 1122 2338 lovis
1135 2266 1282 2336 simule-

169 2396 295 2463 crum,
317 2379 380 2469 qui
400 2398 506 2470 ueque
524 2380 711 2471 iu‘impius
729 2382 858 2467 irasci,
883 2402 943 2453 uec
962 2381 1196 2473 pejerantibus
1221 2402 1282 2454 uu·

167 2514 244 2564 cere
258 2495 366 2584 possit
386 2492 482 2592 (Ill,
508 2493 601 2592 uolt
622 2496 776 2582 Nullus,
804 2506 847 2568 ut
871 2517 956 2568 vere
980 2498 1119 2583 dicum,
1147 2507 1280 2590 praeter

168 2627 273 2679 suem
303 2611 438 2701 cuique
467 2611 754 2695 conscientium,
786 2613 1011 2702 relinquitur
1037 2613 1152 2684 Dens.¹
1185 2613 1278 2683 Nam

170 2734 366 2816 postquam
381 2725 420 2796 in
438 2726 550 2798 tertio
559 2726 690 2798 eodem
701 2727 797 2799 libro
802 2726 1064 2817 juu'uruudum
1081 2729 1279 2817 relipiosuue

164 2842 430 2931 affirmationem
455 2860 535 2912 esse
567 2843 709 2933 posuit,
746 2843 859 2934 idque
892 2843 1019 2915 sedulo
1046 2844 1276 2924 tenendum,

166 2955 267 3046 quod
283 2956 481 3040 affirmate,
502 2957 607 3046 quusi
624 2956 701 3028 Deo
717 2966 830 3041 teste,
850 2959 1081 3047 promiseris,
1101 2959 1278 3030 continuo

165 3069 336 3160 subjicit,
356 3081 611 3142 sacramentum
637 3072 731 3141 illud
749 3091 817 3142 uun
838 3073 887 3141 ud
914 3074 1007 3142 irum
1023 3073 1176 3143 Deorum
1201 3091 1278 3162 que

167 3188 268 3258 uultu
285 3197 353 3273 est,
376 3190 437 3259 sed
451 3189 500 3258 ud
508 3186 690 3278 justinum
706 3199 738 3259 et
756 3189 804 3257 ud
821 3187 926 3278 fidem
943 3188 1112 3273 pertinere
1127 3187 1272 3282 (ibid).

166 3302 275 3391 Quod
287 3312 464 3375 caeterum
478 3304 555 3393 jem
575 3323 686 3394 supra
704 3302 850 3393 planius
871 3302 1107 3393 explicuerat.
1138 3303 1273 3387 «Nam,

169 3448 182 3483 ι
202 3418 350 3509 inquit,
373 3439 490 3509 quum
505 3420 629 3508 jurato
648 3417 806 3511 (judici)
829 3420 1010 3489 sententia
1027 3419 1182 3489 dicenda
1205 3419 1272 3502 sit,

168 3563 181 3598 ι
203 3533 415 3604 meminerit
433 3535 551 3605 Deum
568 3533 793 3604 seadbibere
808 3542 958 3618 testem,
978 3534 1016 3603 id
1032 3541 1107 3617 est,
1122 3541 1164 3601 ut
1176 3532 1275 3603 urbi-

168 3677 182 3711 »
202 3658 294 3732 tror‚
314 3658 459 3718 mentem
476 3667 593 3732 suom,
615 3669 688 3740 qua
704 3648 799 3719 nihil
815 3649 956 3719 bomini
966 3648 1071 3742 dedit
1083 3647 1182 3719 Deus
1197 3648 1276 3738 ipse

165 3793 178 3825 »
200 3762 360 3834 divinius
369 3761 456 3854 (ΙΙΙ,
472 3763 568 3851 Ιθ),»
582 3763 681 3833 -Id
697 3764 871 3854 equidem
885 3764 1082 3855 pulchrum
1097 3783 1184 3834 sane
1196 3782 1275 3832 esse

163 3880 351 3971 profiteor,
371 3879 560 3951 bominem
578 3878 729 3964 seilicet,
743 3897 861 3971 quum
877 3889 1009 3951 caeteru
1028 3877 1277 3969 undiqueful·

164 3995 325 4067 cimento
347 3993 523 4064 virtutem
541 3993 734 4078 deliciunt,
753 3993 978 4066 conscientia
995 4013 1039 4065 eo
1056 3992 1200 4063 firmius
1216 3991 1276 4062 in-

192 4218 336 4286 motus,
355 4224 393 4271 rs.
