2984 4750
722 222 915 299 -pg-

262 389 414 474 mirum,
433 389 465 459 si
482 388 554 479 ipsi
567 389 709 460 adeam
723 392 838 462 totius
858 391 1005 462 habitus
1023 399 1171 477 εὐταξίαν,
1187 413 1261 483 qua
1274 413 1378 485 spec·

261 505 422 576 tantium
455 504 738 576 admirationem
768 517 982 591 moverent,
1016 508 1220 597 plurimum
1253 528 1376 599 operae

261 620 509 691 contulerint?
533 621 626 691 Eum
652 631 778 693 autem
796 622 939 693 decoris
961 623 1106 693 cultum
1126 624 1172 693 ad
1195 625 1375 695 tuendam

260 735 478 825 dignitatem
491 754 597 806 suam
614 736 802 807 Romanus
818 747 1028 826 usurparet,
1044 757 1193 809 necesse
1205 740 1287 810 luit

311 850 402 938 Qoae
419 852 517 921 inter
532 852 651 921 multa
663 853 709 922 de
726 853 1003 923 conservatione
1018 854 1161 924 decoris
1175 865 1372 946 precepta,

261 968 388 1059 paucis
409 968 577 1059 quidem,
594 968 659 1038 sed
679 968 868 1058 aptissime
892 967 1020 1039 Cicero
1038 969 1230 1053 describit,
1253 972 1375 1061 qualis

261 1102 383 1154 sermo
398 1084 438 1153 in
454 1083 605 1154 circulis
617 1084 870 1174 conviviisque
887 1103 965 1154 esse
982 1083 1137 1155 debeat:
1154 1105 1228 1176 qua
1245 1088 1375 1157 conta-

261 1197 414 1268 bulandi
442 1198 542 1269 inter
567 1199 767 1269 familiares
797 1198 994 1269 Rhetorica
1014 1200 1232 1289 exquisitius
1261 1201 1374 1291 quid-

260 1331 373 1402 quam
393 1331 481 1383 sane
496 1313 594 1382 lvaud
615 1312 781 1384 invenias
796 1311 810 1408 (
819 1313 849 1397 l,
865 1314 937 1404 37).
953 1355 996 1367 -
1015 1313 1192 1401 Quaedam
1207 1315 1375 1406 ‘denique

260 1429 307 1500 de
332 1429 494 1500 hominis
512 1429 683 1500 honorati
700 1430 812 1500 domo
835 1429 980 1519 adjicit3
999 1430 1137 1520 quippe
1153 1451 1272 1521 quum
1295 1432 1376 1521 ipsa

258 1544 397 1614 aedium
432 1544 592 1633 dignitas
615 1546 661 1615 ad
692 1547 902 1636 conspicuae
929 1545 1077 1615 virtutis
1100 1545 1182 1634 ejus
1204 1547 1375 1635 splendo-

261 1670 341 1722 rem
358 1651 449 1722 adeo
467 1651 634 1741 proficiat
650 1653 740 1742 (39).

309 1763 616 1854 Quandoquidem
630 1765 748 1834 virtus
761 1784 804 1835 ea
817 1766 933 1837 lerme
946 1775 1021 1836 tota
1033 1766 1073 1834 in
1085 1766 1132 1836 iis
1147 1764 1272 1849 rebus,
1288 1783 1372 1855 quae

260 1889 350 1950 sunt
374 1879 616 1964 extrinsecus,
634 1882 754 1970 posita
782 1892 857 1966 est,
888 1892 1082 1972 propterea
1108 1900 1238 1952 rursus
1256 1882 1373 1951 multa

259 2014 344 2086 quae
362 1995 409 2065 ad
424 1995 640 2066 interiorem
666 1997 855 2068 hominem
878 1996 1099 2086 pertineant,
1122 1997 1162 2065 in
1185 1996 1243 2066 his
1267 1995 1373 2066 libris

257 2110 457 2182 desideres.
482 2112 630 2182 Frustra
656 2113 771 2200 igitur
792 2112 852 2183 hic
877 2112 1056 2182 moralem
1078 2112 1241 2202 aliquam
1262 2112 1373 2182 allec-

261 2236 369 2298 tuum
387 2226 503 2295 animi
521 2226 828 2317 descriptionem,
853 2227 1028 2317 vivosque
1052 2246 1115 2297 eos
1137 2226 1183 2296 de
1207 2224 1375 2296 moribus

260 2341 563 2431 locosrequiras,
573 2351 778 2433 quostanta
795 2338 953 2430 ingenii·
953 2342 1156 2414 subtilitate
1163 2340 1377 2413 Aristoteles

258 2455 555 2528 adumbraverat.
571 2458 651 2527 Non
667 2458 852 2528 tamenim
865 2469 1037 2529 naturam
1049 2458 1237 2529 Romanus
1245 2465 1377 2527 auctor

262 2572 451 2655 observat,
480 2591 594 2663 quum
616 2592 699 2642 eam
724 2582 853 2643 contra
881 2573 1107 2663 propositam
1131 2573 1178 2642 ad
1205 2590 1376 2642 normam

259 2688 338 2777 ipse
350 2686 481 2776 lingit:
501 2707 543 2757 ac
561 2688 686 2757 minus
704 2688 789 2776 quis
806 2688 855 2758 sit
875 2689 998 2771 homo,
1016 2689 1140 2772 docet,
1157 2677 1270 2778 quam
1287 2707 1375 2778 qna·

260 2802 335 2872 lem
357 2820 447 2872 eum
472 2820 552 2873 esse
576 2802 721 2871 deceat.
746 2801 880 2872 Omnia
904 2804 1029 2894 itaque
1046 2804 1103 2873 vel
1126 2799 1375 2873 diversissima

258 2915 306 2987 ad
323 2935 438 2987 unam
452 2916 602 2988 habitus
618 2918 926 3008 compositionem
943 2919 1102 3007 redigit,
1121 2925 1158 2989 et
1173 2918 1293 3007 rigida
1310 2938 1374 2989 ea·

257 3033 358 3117 dem,
375 3041 418 3103 ut
434 3031 485 3102 ita
504 3032 643 3118 dicam,
664 3042 749 3123 toga
768 3034 894 3105 omnia
914 3033 1053 3124 pariter
1066 3033 1280 3106 involvit—
1292 3034 1374 3122 Qua

258 3148 299 3217 in
327 3145 547 3237 disciplina,
566 3149 758 3237 ingenium
785 3169 862 3220 non
884 3148 997 3220 Stoici
1015 3150 1151 3233 modo,
1171 3149 1236 3219 sed
1257 3150 1374 3232 ,etiam

261 3260 417 3332 Romani
431 3263 502 3332 viri
524 3262 612 3333 licet
625 3282 804 3351 agnoscas
818 3285 829 3332 ·:
854 3284 966 3354 quem
989 3285 1076 3336 eum
1094 3265 1212 3353 frangi
1237 3265 1372 3334 timore

256 3387 325 3447 aut
341 3378 471 3447 ardere
488 3377 669 3449 desiderio
693 3379 849 3468 pudeat,
867 3399 1012 3470 semper
1025 3379 1071 3449 ab
1097 3400 1139 3450 ea
1156 3379 1271 3449 animi
1290 3398 1372 3469 per·

259 3492 515 3563 turbationum
529 3493 776 3585 descriptione
793 3515 940 3566 aversos
957 3496 1084 3565 oculos
1093 3506 1207 3578 tenet,
1218 3514 1265 3565 ne
1278 3495 1371 3585 quid

256 3608 360 3682 intus
387 3617 569 3692 occurrat,
600 3609 699 3698 quod
721 3630 795 3681 non
818 3611 907 3682 satis
936 3611 1014 3681 viro
1043 3610 1198 3699 dignum
1230 3611 1299 3693 sit;
1331 3626 1375 3678 ea

259 3741 343 3812 quae
353 3722 486 3792 intimo
500 3722 569 3793 snb
584 3735 732 3814 pectore
744 3725 989 3816 cupiditatum
1005 3735 1169 3796 metusve
1185 3733 1374 3796 momenta

256 3835 430 3921 laterent,
448 3856 596 3928 semper
613 3839 800 3911 Romanus
818 3841 950 3912 maluit
965 3842 1137 3930 ignorare
1149 3840 1217 3935 (1).

291 4133 325 4199 (1)
340 4136 506 4198 menippaea
516 4149 591 4186 causa
601 4137 675 4188 luisse
682 4139 744 4189 milri
758 4141 857 4192 videtur
873 4140 902 4206 (sl
919 4143 994 4193 modo
1009 4143 1035 4192 id
1048 4146 1074 4192 tn
1089 4146 1197 4193 transltn
1206 4144 1327 4203 attingere
1338 4142 1373 4191 lt·

256 4212 338 4277 cent),
350 4226 394 4263 cur
404 4215 522 4276 tragedia
533 4215 617 4267 lionae
632 4220 716 4268 minus
728 4221 871 4273 invaluerit
888 4223 948 4284 Qun
964 4226 1032 4273 enlm
1046 4225 1072 4272 in
1086 4224 1198 4273 moribus
1210 4221 1315 4273 heroum
1326 4236 1374 4285 po·
