2984 4750
638 218 826 287 „pq-

169 396 269 455 tuna
286 386 553 476 malignitatem
568 384 743 457 reluctari
760 381 883 473 jubet,
902 399 975 451 uon
998 380 1032 449 oi
1053 389 1229 461 mortem,
1247 379 1277 449 si

168 520 242 592 qna
261 502 405 590 gravior
424 510 552 590 urgeat
568 500 787 593 necessitas,
816 507 989 586 tanquam
1012 503 1161 585 portum
1188 515 1278 586 ape«

169 617 219 687 rit
238 640 246 687 :
264 626 302 688 at
314 617 572 693 necessitatem
587 625 737 700 contra,
756 614 788 685 si
801 612 886 703 quis
905 630 1006 693 eam,
1026 610 1196 701 utipsius
1213 612 1284 680 Dei

170 734 414 817 uoluntatem,
435 731 584 815 subeat,
606 731 783 821 patientia
803 730 982 803 leniorem
999 727 1079 803 dori
1098 728 1281 817 praecipit„

169 848 269 935 Quin
283 849 360 921 imo
374 901 383 932 ‚
399 847 585 938 proposita
604 854 686 936 post
699 844 980 937 asperamillam
993 843 1279 915 immortalitatis

170 962 473 1035 exercitationem
487 962 630 1037 coeiesti
657 959 847 1042 mercede,
875 958 1017 1030 acerbis
1035 958 1146 1029 etiam
1169 957 1289 1029 rebus.

170 1077 369 1168 quamdam
389 1078 644 1160 dulcedinem,
672 1095 715 1149 ac
732 1075 878 1149 fletibus
906 1073 1132 1164 nescioquid
1150 1074 1280 1163 volup·

171 1194 257 1265 tatis
271 1193 459 1277 adhibuit,
479 1212 564 1265 cum
586 1194 631 1264 de
644 1201 775 1265 monte
794 1191 960 1265 diceret:
991 1222 1005 1254 ι
1024 1190 1124 1267 Beati
1141 1190 1206 1280 qui
1224 1191 1281 1261 iu·

173 1338 186 1370 ι
213 1317 325 1398 gent,
345 1311 433 1400 quia
447 1310 762 1391 consolabuntur3
782 1307 893 1389 beati,
908 1305 1180 1396 quoshomines
1197 1307 1286 1378 odio·

174 1456 186 1486 ·
212 1426 398 1516 prosecuti
419 1434 506 1505 sunt
523 1434 674 1515 propter
690 1442 772 1509 me,
792 1421 970 1513 quoniam
983 1421 1105 1512 ampla
1122 1421 1168 1494 iis
1181 1441 1281 1493 mer-

173 1572 185 1603 a
211 1560 271 1615 ces
286 1541 326 1611 in
346 1541 441 1613 coeio
453 1551 616 1630 paratur,
634 1548 704 1615 etc.
726 1569 738 1602 ι
759 1538 903 1609 -Tuac
916 1537 1026 1611 habet
1043 1535 1195 1623 demum
1207 1558 1287 1628 quo·

171 1664 311 1749 spectet
330 1655 511 1737 laboriosa
529 1655 656 1735 vitius.
672 1694 712 1707 -
729 1653 893 1744 Sedquae
911 1653 1051 1723 interea
1067 1654 1188 1743 potuit
1203 1674 1287 1724 essa·

170 1772 224 1842 ris
241 1770 374 1845 Stoicae
393 1771 560 1854 virtutis,
587 1789 670 1862 quae
700 1790 743 1841 ea
760 1788 826 1860 spe
841 1768 994 1841 omnino
1012 1774 1175 1841 careret?
1191 1769 1287 1856 Quis

175 1888 339 1975 proiecto
365 1886 491 1961 omnia
518 1905 586 1976 pro
612 1886 767 1957 honesto
794 1885 1041 1976 nequicquam
1066 1886 1143 1976 pati
1171 1887 1281 1961 velit?

170 2000 265 2088 Quis
278 2020 345 2092 per
361 2021 530 2094 asperam
546 2001 644 2073 viam
658 2019 792 2090 magno
811 2000 935 2071 animo
954 2000 1230 2089 progrediatur,
1250 2002 1279 2075 si

171 2116 342 2187 nescierit
360 2137 434 2208 quo
460 2116 589 2200 vadat,
617 2132 692 2206 quo
722 2114 794 2199 iter
811 2113 962 2184 tendere
987 2113 1139 2198 debeat,
1160 2133 1281 2204 neque

172 2240 255 2321 post
282 2232 433 2309 exilum
467 2233 653 2307 celestem
686 2229 842 2321 patriam
876 2228 1094 2319 prospiciat?
1139 2260 1150 2291 ι
1184 2229 1282 2317 Quid

174 2378 186 2411 »
212 2346 323 2433 mihi,
343 2348 464 2420 aiebat
480 2348 522 2418 Ι).
544 2346 699 2431 Paulus,
723 2345 896 2418 adversus
913 2344 1048 2416 bestias
1065 2344 1194 2437 Ephesi
1212 2368 1281 2437 pu-

173 2496 184 2526 ·
214 2483 343 2553 gnasse
369 2466 529 2555 profuit,
557 2466 589 2536 si
612 2465 751 2537 mortui
775 2463 873 2536 haud
897 2468 1112 2551 resurgant?
1128 2464 1280 2535 Mandu-

66 2668 68 2672 Α
174 2609 187 2641 ι
212 2590 388 2654 cemuset
404 2581 573 2652 bibamus
593 2602 602 2649 ε
624 2599 706 2651 cras
720 2579 822 2651 enim
837 2579 1042 2649 moriemur
1060 2578 1124 2674 (i).
1150 2612 1163 2642 »

220 2697 419 2788 Postquam
432 2697 471 2766 in
485 2697 568 2781 hoc,
586 2696 685 2786 quod
703 2695 930 2786 praecipuum
944 2702 1018 2777 est,
1039 2711 1160 2765 aveto
1172 2695 1280 2766 aber-

171 2810 549 2896 rassentStpici‚inde
562 2819 678 2884 totam
691 2830 821 2883 eorum
832 2811 1014 2883 rationem
1028 2811 1279 2901 perturbatam

169 2929 283 3001 inisse
293 2928 533 3004 ostendimus.
544 2926 617 3014 Qui
632 2936 757 2998 tamen
771 2926 944 2998 virtutem
954 2945 1073 3009 suam,
1084 2947 1159 3016 quo
1173 2928 1280 3016 fragi-

170 3043 325 3116 tior-ibus
338 3062 381 3118 ea
392 3052 459 3115 aut
471 3041 593 3134 potius
608 3041 721 3115 nullis
742 3040 977 3112 adminiculis
991 3050 1172 3125 auratac
1186 3043 1278 3115 ieru-

170 3160 310 3234 ciorent
342 3158 464 3252 (quud
490 3158 614 3249 aliqua
641 3177 729 3234 sune
759 3156 1001 3230 admiratione
1018 3156 1171 3246 dignum
1198 3159 1276 3256 est)

171 3276 335 3365 primurn
364 3261 548 3348 effinxere.
581 3272 652 3346 Sed
681 3281 862 3367 quantum
893 3292 953 3344 me
983 3292 1070 3345 sane
1104 3274 1279 3366 sapientis

171 3390 277 3466 istius
290 3409 435 3481 semper
448 3390 718 3474 misertumcst,
735 3390 897 3462 Deorum
912 3390 1052 3474 emuli,
1068 3390 1134 3482 qui
1149 3390 1279 3462 alienis

90 3595 93 3598 p
171 3505 302 3596 opibus
320 3504 472 3582 amatas
494 3505 713 3588 destitutus,
735 3524 874 3596 suaque
892 3513 1037 3577 tantum
1062 3505 1278 3576 fortitudine

170 3624 305 3704 fretus,
338 3620 572 3702 acerbissima
591 3622 715 3696 omnia
745 3621 959 3712 aspernari,
978 3630 1016 3691 et
1040 3622 1077 3690 in
1105 3622 1276 3713 superbia

171 3758 258 3822 sua,
278 3745 454 3827 tanquam
475 3738 635 3821 marce,
654 3737 948 3827 inexpugnabilis
964 3737 1197 3827 acquiescere
1214 3737 1279 3809 de-

171 3854 295 3928 beret?
315 3851 598 3937 Omniaautem‚
617 3872 700 3944 quae
718 3853 892 3935 humana,
911 3851 1279 3942 infirmacaducaquo

170 3979 270 4042 suut.
291 4009 329 4021 -
349 3969 545 4059 Atquanto
558 3969 620 4038 ilie
639 3970 820 4040 contrairi
839 3968 1000 4038 adversis
1014 3968 1125 4040 rebus
1144 3969 1281 4039 auden-

202 4233 237 4298 (ι)
255 4233 388 4288 iocari,
407 4237 446 4290 a,
462 4238 502 4282 aa.
