2984 4750
629 216 820 285 ...33-

173 380 363 469 amplexus
386 382 525 464 luerat,
550 391 677 472 utpote
696 383 778 453 aliis
795 384 1100 468 fructuosiorem,
1137 387 1281 476 sibique

175 495 221 566 ad
238 497 441 569 claritatem
459 497 651 588 aptiorem.
671 499 842 571 Senserat
854 500 956 571 enim
969 501 1115 573 nullum
1133 503 1280 573 virtutis

174 621 406 683 momentum
425 614 567 683 bomini
586 615 708 684 acrius
736 625 867 685 natura
885 616 1013 685 datum
1037 636 1139 700 esse,
1168 638 1280 708 quam

177 728 379 817 ingenitam
403 729 525 812 illius,
551 750 633 820 quae
654 730 813 821 publicis
839 733 877 800 in
895 731 1007 803 rebus
1025 743 1278 823 comparatur,

172 844 302 930 gloriae
323 843 557 934 cupidinem;
585 847 826 936 eamdemque
850 866 932 916 eam
957 866 1088 935 magna
1113 859 1150 919 et
1171 849 1281 918 utilia

172 957 409 1046 aggrediendi
427 961 653 1029 voluntatem
670 980 714 1030 eo
731 960 848 1049 magis
867 961 1095 1044 increscere,
1114 983 1188 1052 quo
1203 984 1281 1032 ma-

168 1076 231 1165 jus
246 1075 431 1145 theatrum
448 1076 611 1159 daretur,
631 1086 669 1146 et
691 1075 856 1166 plurium
882 1077 1165 1149 admoverentur
1182 1078 1283 1168 plau·

173 1212 237 1263 sus
251 1202 361 1284 atque
373 1192 579 1263 admiratio.
597 1192 689 1262 Nam
701 1211 797 1281 saepe
815 1191 997 1262 fatebatur
1007 1193 1085 1282 ipse
1096 1212 1170 1264 non
1184 1194 1282 1265 ultro

173 1328 214 1378 se
232 1317 288 1378 tot
307 1307 451 1379 labores
469 1327 534 1397 pro
552 1307 689 1377 civium
707 1307 849 1390 salute,
876 1317 1004 1397 totque
1022 1307 1185 1397 perleula
1201 1328 1283 1380 sus·

174 1422 333 1514 cepisse,
350 1423 421 1492 nisi
435 1425 595 1513 amplam
607 1422 694 1493 inde
704 1422 914 1492 mercedem
928 1422 998 1492 sibi
1015 1423 1126 1494 affore
1140 1443 1284 1514 speras·

176 1548 253 1621 set,
276 1538 441 1628 gloriam.
461 1537 578 1628 Atque
595 1537 681 1607 binc
694 1555 866 1619 exorsus,
884 1545 1046 1625 togatam
1064 1537 1164 1607 illam
1183 1540 1284 1609 forti·

175 1651 343 1723 tudinem
356 1650 527 1722 laudibus
536 1652 547 1741 (
556 1661 597 1720 ut
612 1651 788 1722 victorem
798 1649 964 1722 Catilinae
973 1649 1115 1748 decuit)
1127 1653 1281 1737 extollit,

178 1768 219 1836 in
238 1786 311 1857 qua
329 1766 546 1856 plerumque
563 1765 661 1836 haud
678 1767 860 1837 minorem
878 1775 989 1856 atque
1006 1766 1044 1835 in
1063 1766 1193 1838 bellica
1209 1768 1282 1836 vir—

175 1889 255 1951 tute
272 1881 506 1970 splendorem
520 1881 638 1950 inesse
657 1881 850 1970 magnifice
870 1880 1107 1950 demonstrat

123 2008 128 2015 ·
223 1994 351 2066 Virum
385 1994 523 2064 bonum
551 1994 665 2081 igitur
697 1995 767 2064 sibi
795 1995 1025 2083 fortunaque
1055 1994 1284 2083 superiorem

97 2150 103 2157 ·
176 2111 257 2183 lieri
269 2109 396 2200 jubet,
422 2128 497 2180 non
522 2118 563 2180 ut
584 2109 622 2178 in
640 2108 771 2197 ignava
796 2128 835 2179 se
853 2108 1055 2180 indolentia
1071 2109 1283 2193 contineat,

173 2226 239 2296 sed
267 2225 400 2295 melius
418 2233 564 2308 contra,
600 2224 631 2294 si
659 2233 763 2294 vacet
788 2223 834 2292 ab
857 2223 960 2293 omni
985 2223 1281 2313 perturbatione,

173 2340 315 2412 civibus
333 2339 409 2411 suis
429 2339 514 2410 inde
532 2339 705 2430 prodesse
721 2340 848 2431 possit.
883 2339 1008 2411 Civem
1032 2358 1186 2429 nempe,
1214 2358 1283 2412 nec

174 2447 454 2547 philosophum,
473 2474 633 2545 eumque
646 2455 830 2537 advitam,
847 2475 968 2545 neque
985 2453 1031 2523 ad
1044 2455 1209 2525 scholam
1223 2455 1282 2523 in-

173 2571 321 2644 stituit:
343 2590 417 2643 oon
442 2570 644 2659 sapientem
675 2589 763 2658 ergo
789 2589 917 2641 rerum
941 2570 1191 2653 incuriosum,
1219 2569 1283 2639 sed

173 2686 359 2776 placidum
377 2686 456 2756 vult
467 2704 546 2755 esse
561 2696 671 2775 atque
691 2685 942 2775 intrepidum,
972 2684 1063 2774 qui,
1087 2684 1281 2774 siquando

171 2801 220 2871 ad
246 2801 372 2892 Remp.
404 2801 619 2882 accesserit,
645 2809 734 2872 tunc
760 2801 884 2888 legum
911 2799 1063 2883 similis,
1091 2801 1283 2890 praesentis

171 2916 288 2986 animi
305 2917 362 2986 vel
378 2917 477 2986 inter
495 2915 674 3005 procellas
690 2924 817 2985 utatur
832 2914 986 2985 consilio
1001 2967 1011 2997 ,
1032 2933 1153 3005 neque
1182 2935 1203 2982 a
1221 2935 1282 2984 ra-

174 3030 274 3101 tione
291 3049 456 3121 unquam
476 3029 650 3101 discedat.
680 3030 766 3099 Eam
792 3029 941 3100 demum
973 3029 1088 3098 animi
1108 3039 1281 3101 constan-

173 3145 264 3215 tiam
284 3144 498 3226 adumbrat,
526 3164 638 3234 quam
668 3165 689 3213 a
718 3145 908 3215 communi
935 3144 1184 3214 Romanorum
1211 3164 1279 3214 usu

173 3258 377 3349 proximam
401 3259 570 3329 homines
601 3278 675 3330 non
704 3260 815 3349 sequi
838 3259 948 3330 modo
971 3257 1138 3349 possint,
1162 3259 1282 3330 sedet

172 3372 297 3443 velint.
321 3409 360 3423 -
382 3372 462 3443 Non
490 3372 627 3442 divitiis
654 3393 742 3462 ergo
766 3375 843 3465 jam
865 3375 993 3445 odium
1022 3373 1175 3456 indicit,
1206 3393 1279 3444 non

172 3487 304 3577 opibus
317 3510 326 3558 ε
337 3505 457 3578 neque
472 3487 665 3578 pecuniam
682 3488 728 3558 ad
746 3489 841 3559 bene
856 3489 1052 3570 vivendum
1065 3498 1190 3559 censet
1202 3508 1281 3559 esse

172 3603 361 3688 inutilem,
387 3613 451 3692 aut
477 3612 733 3695 paupertatem
751 3624 817 3694 per
842 3625 880 3674 se
905 3604 1144 3695 expetendam
1169 3625 1275 3675 esse:

171 3719 234 3789 sed
258 3729 386 3789 contra
405 3720 444 3788 in
469 3718 639 3789 omnium
665 3737 792 3788 rerum
817 3718 1042 3789 abundantia
1065 3719 1281 3809 simpliciter

171 3833 402 3924 fideliterque
420 3851 462 3903 ac
480 3832 564 3902 vitae
582 3831 778 3904 hominum
795 3832 913 3903 amice
938 3833 1142 3922 sapientem
1160 3834 1280 3902 vivere

172 3968 290 4039 posse.
316 3947 483 4038 Semper,
497 3955 539 4018 ut
556 3946 730 4020 Horatius
749 3957 897 4038 postea,
917 3948 1014 4018 inter
1031 3946 1189 4018 nimium
1216 3963 1281 4037 pa-

172 4083 331 4155 rumque
350 4065 541 4134 honestam
560 4072 661 4133 tenet
687 4063 998 4144 mediocritatem3
1019 4081 1087 4131 nec
1104 4063 1281 4133 fastuosas

156 4177 299 4269 *Cynici
317 4176 462 4261 sordes,
482 4197 551 4248 nec
570 4176 740 4248 stolidam
754 4176 868 4249 Stoici
883 4177 1017 4268 pugilis
1028 4176 1283 4248 fortitudinem

1046 4294 1064 4352 3
