2984 4750
592 210 783 285 ...15...

136 397 199 474 pra
232 401 361 454 omnes
389 400 449 451 res
477 382 657 453 humanas
683 379 897 460 extollebat,
943 382 1054 467 atque
1084 398 1169 449 eum
1204 374 1243 451 in
1313 406 1315 409 ’

136 499 291 568 deorum
308 516 422 586 prope
439 515 596 566 numero
609 494 836 565 collocabat?

185 611 330 702 ltaque,
368 631 453 682 cum
485 611 647 700 primum
678 610 858 679 Panotios
891 608 1045 679 Romam
1077 619 1243 691 venerat,

137 727 336 816 discipulos
358 725 488 797 babuit
511 735 548 795 et
571 726 709 797 multos
732 733 770 794 et
790 731 1005 812 praestantes
1030 723 1248 797 auctoritate

138 842 361 931 ingenioque
388 841 568 910 homines.
598 836 787 927 Quidquid
816 838 915 906 enim
946 838 1249 925 gravissimorum

138 967 351 1028 senatorum
362 958 530 1046 jurisque
542 956 797 1035 consultorum
810 962 906 1037 erat,
924 964 1057 1042 praeter
1071 955 1250 1025 doctrinae

139 1071 391 1151 severitatem,
424 1069 625 1141 dialecticae
658 1087 806 1156 quoque
837 1069 1052 1141 subtilitatis
1088 1069 1251 1141 novitate

139 1186 284 1271 allexit;
304 1186 346 1282 Q.
369 1186 463 1265 Marc.
485 1185 675 1255 Scaevolam
694 1183 855 1266 scilicet,
872 1184 968 1273 juris
987 1184 1104 1255 civilis
1122 1184 1252 1257 condi-

140 1311 280 1383 torem,
303 1301 608 1390 argutiarumque
635 1299 842 1379 studiosum
870 1300 1080 1382 bominem3
1108 1302 1149 1374 l).
1173 1301 1250 1372 lint.

141 1415 293 1506 Rufum,
309 1417 361 1488 M.
379 1416 415 1487 V
418 1416 595 1507 ipolitum,
608 1416 708 1485 Sext.
727 1415 1004 1502 Pompeium,A.
1019 1414 1058 1486 V
1060 1416 1250 1502 irpioinor,

141 1532 364 1614 Baiberdon,
386 1542 612 1620 ceterosque
637 1530 786 1599 multos.
814 1529 883 1599 Sed
900 1540 1033 1618 praeter
1051 1539 1106 1600 tot
1122 1530 1252 1603 elaris-

143 1647 256 1715 simos
287 1647 496 1728 auditores,
523 1665 610 1727 eunt
640 1665 726 1714 cum
757 1645 804 1714 P.
834 1645 1021 1734 Scipione,
1050 1646 1251 1734 Latioque,
1358 1714 1360 1717 ,

144 1780 348 1851 eorumque
375 1762 614 1851 propinquis,
645 1761 688 1829 C.
715 1761 877 1842 Fannio,
906 1758 952 1853 Q.
983 1760 1080 1833 AEb'o
1109 1761 1258 1831 Tubero-

144 1895 209 1957 ηε,
234 1885 320 1959 etc,
349 1876 386 1945 io
419 1895 563 1945 summa
593 1874 841 1948 familiaritate
871 1874 1001 1944 vixisse
1031 1876 1253 1964 accepimns.

145 1989 246 2075 Quos
281 2001 405 2060 autem
435 1991 531 2060 viros
549 2043 558 2075 ,
578 2009 664 2059 cum
696 1990 879 2059 bonarum
897 1991 1034 2063 artium
1055 1990 1257 2071 studiosos,

146 2117 228 2175 tum
245 2107 393 2194 ingenio
408 2106 721 2193 elegantissimos,
743 2105 843 2172 haud
862 2105 932 2183 sibi
947 2114 1070 2174 tamen
1089 2105 1179 2174 adeo
1195 2104 1273 2173 Pa··

147 2220 280 2289 naetius
300 2221 550 2301 conciliasset,
567 2219 639 2288 uisi
657 2219 819 2308 priorem
837 2217 994 2286 Zenonis
1016 2218 1259 2307 Cleantbique

146 2333 374 2418 doctrinam,
405 2356 425 2408 o
455 2353 601 2404 meraca
629 2353 760 2405 eorum
789 2334 1003 2408 austeritate
1041 2333 1257 2417 remissam,

147 2457 185 2518 et
203 2450 307 2539 qnasi
326 2451 487 2520 Platonis
504 2450 683 2522 suavitate
702 2458 964 2537 temperatam,
982 2450 1028 2520 ad
1047 2449 1260 2519 humanita-

147 2574 246 2650 tem,
277 2577 583 2665 epatu-adeptaque
612 2564 863 2636 Romanorum
894 2565 1086 2651 ingenium
1111 2585 1260 2634 accom-

149 2680 345 2748 modasset.
364 2679 470 2765 Quod
483 2681 560 2767 ipse
574 2678 703 2749 Cicero
718 2690 888 2761 testatur,
907 2682 949 2752 dr
962 2680 1105 2768 finibus,
1122 2679 1181 2760 IV,
1198 2680 1258 2750 28.

158 2793 419 2875 «Stoicorum,
443 2796 585 2884 inquit,
613 2796 803 2864 tristitiam
821 2804 931 2883 atque
949 2795 1184 2883 asperitatem
1204 2796 1220 2863 f
1244 2834 1263 2845 -

149 2908 285 2996 »giens
308 2910 510 2992 ranarius,
530 2928 597 2978 nec
616 2910 854 2978 acerbitatem
879 2910 1170 2991 sententiarum,
1195 2929 1264 2979 nec

151 3023 385 3092 »disserendi
409 3023 532 3112 spinas
555 3025 745 3114 probavit:
766 3024 908 3112 luitque
926 3024 964 3092 iu
989 3025 1105 3093 altero
1131 3044 1264 3111 genere

154 3164 167 3194 »
183 3136 322 3216 mitior,
339 3137 378 3205 in
396 3139 511 3207 altero
532 3139 722 3219 illustrior,
751 3156 969 3226 semperque
988 3137 1118 3210 babuit
1144 3140 1183 3207 in
1202 3158 1267 3209 ore

156 3278 168 3308 1·
184 3248 389 3328 Platonem,
406 3251 656 3332 Aristotelem,
671 3253 933 3332 Xenocratem,
948 3251 1264 3342 Theophrastum,

156 3364 457 3448 »Dicaearchunt,
485 3375 526 3435 ut
552 3368 667 3455 ipsius
694 3367 829 3454 scripta
848 3365 1075 3442 declarant.»
1098 3368 1140 3440 lu
1160 3368 1265 3437 libris

154 3478 287 3565 igitur,
310 3499 402 3566 quos
417 3481 563 3569 scripsit
580 3492 641 3582 περὶ
667 3491 866 3564 καθήκοντος,
883 3501 968 3550 eum
990 3483 1069 3570 ipse
1088 3501 1154 3554 suo
1166 3481 1271 3571 judi-

156 3593 231 3675 cio,
249 3603 330 3661 tum
359 3593 538 3683 Scipionis
557 3617 685 3679 causa,
709 3597 926 3682 ferociorem
946 3617 1028 3665 eam
1042 3596 1136 3667 Stoae
1155 3597 1268 3668 disci-

154 3707 293 3795 plinam
315 3761 324 3788 ,
347 3709 467 3800 justos
498 3712 596 3780 intra
624 3712 803 3786 terminos
835 3714 1023 3793 coercuit,
1054 3721 1091 3780 et
1124 3712 1267 3781 medio-

154 3839 255 3889 crem
283 3825 570 3924 popularemque
594 3825 794 3924 quamdam
822 3827 914 3895 bene
939 3825 1085 3900 vivendi
1102 3826 1266 3896 instituit

153 3935 349 4005 rationem.

203 4048 378 4119 Naturam
410 4054 562 4140 quidem
593 4056 839 4143 sequendam,
870 4074 1025 4142 eamque
1057 4073 1267 4143 supremam

151 4160 302 4233 vivendi
329 4165 449 4252 legem
468 4187 565 4250 esse,
587 4189 673 4238 cum
693 4169 837 4239 caeteris
857 4169 1005 4250 Stoicis,
1029 4169 1273 4257 profitebatur
