2984 4750
658 296 704 308 ..
728 258 752 327 7
783 297 825 308 ..

192 425 282 510 Diis,
293 426 334 494 in
347 424 485 494 alienas
499 422 696 511 religiones
712 434 882 506 ruere,et
895 422 1075 515 quidquid
1090 440 1134 494 ex
1151 423 1300 513 lllgypto

192 541 346 630 Asiaque
362 520 659 628 impurissimum
682 540 917 625 oflerebatur,
936 538 1152 610 consectari.
1175 524 1301 607 Exter-

190 655 249 725 nis
258 664 381 724 autem
394 670 481 724 cum
495 654 573 723 Diis
581 654 674 737 istis,
686 654 880 744 pravisque
895 654 1070 737 cultibus,
1086 654 1173 722 vitia
1190 653 1301 722 simul

191 789 234 839 ac
246 769 495 858 corruptelam
509 769 678 838 omnium
693 770 861 855 gentium
875 778 1053 858 tauquam
1066 768 1104 836 in
1116 767 1301 837 civitatem

193 884 307 953 Roma
324 883 546 972 excipiebat,
576 885 670 952 facta
687 883 857 971 quaedam
878 885 992 955 totius
1016 883 1117 954 orbis
1142 883 1298 953 sentina.

240 998 390 1067 Senatus
399 1015 499 1079 vero,
510 998 604 1067 alter
617 998 679 1067 ille
693 998 894 1087 quondam,
907 1007 949 1068 ut
961 997 1082 1068 Gineae
1094 997 1300 1079 videbatur,

194 1113 354 1182 Deorum
366 1111 634 1181 immortalium
643 1122 773 1194 coetus,
785 1112 1008 1202 jamdudum
1021 1112 1118 1183 vitiis
1131 1111 1304 1181 omnibns

192 1225 283 1296 adeo
300 1226 507 1307 laborabat,
536 1235 578 1295 nt
598 1246 672 1296 non
691 1226 802 1297 modo
821 1247 1009 1310 censores,
1032 1226 1222 1297 sedetiam
1241 1228 1304 1315 Ju-

193 1342 292 1410 dices
315 1359 444 1410 omnes
473 1340 671 1428 defatigare
701 1342 892 1430 potuisset.
920 1342 1098 1427 Quaenam
1128 1349 1304 1430 praeterea

193 1455 313 1526 Curiae
326 1456 404 1545 jam
431 1456 540 1525 facies
559 1474 639 1525 esse
662 1455 809 1536 debuit,
838 1466 1033 1545 postquam
1051 1458 1167 1526 victor
1185 1455 1305 1526 Caesar

196 1589 271 1640 non
288 1571 481 1640 libertinos
496 1568 623 1651 modo,
652 1569 716 1638 sed
730 1570 909 1657 quosdam
923 1589 1070 1659 quoque
1089 1590 1109 1639 e
1126 1568 1305 1639 semibar-

195 1683 293 1753 baris
309 1685 499 1754 Gallorum
517 1692 600 1774 post
621 1685 853 1773 triumphurn
880 1686 920 1754 in
937 1696 1085 1775 patrum
1106 1702 1304 1755 nnmerum

195 1797 394 1893 recepit(l)
407 1804 467 1870 ‘l-
477 1798 578 1883 Quin
593 1799 717 1882 etiam,
731 1800 769 1869 in
782 1801 850 1869 bac
863 1801 1032 1869 omnium
1046 1801 1212 1887 gentium
1228 1800 1306 1868 col-

197 1915 314 1998 luvie,
331 1915 425 1984 Plebs
440 1914 520 2003 ipsa
533 1923 650 1996 vetus,
667 1923 845 2004 tanquam
862 1917 1051 2006 absorpta,
1067 1917 1182 1986 ferme
1195 1914 1307 1983 inter·

197 2032 301 2100 ierat.
332 2029 439 2115 Quod
467 2029 519 2112 si,
545 2038 690 2117 patrum
712 2031 864 2119 quidem
889 2032 1086 2113 memoria,
1113 2015 1153 2100 Ῥ.
1179 2028 1308 2100 Nasica

193 2147 270 2235 jam
288 2146 440 2214 Romam
458 2144 718 2232 indignabatur
735 2164 927 2215 servorum
941 2146 1125 2234 gregibus,
1146 2163 1307 2233 qnorum

198 2282 354 2332 noverca
366 2269 462 2331 esset
476 2260 599 2349 ltalia,
613 2259 820 2349 perturbari
832 2284 840 2341 ;
854 2280 964 2350 qnam
980 2278 1114 2349 paucos
1123 2280 1165 2328 ex
1176 2257 1306 2349 priscis

196 2377 356 2459 civibus,
388 2377 593 2467 praesertim
614 2385 695 2466 post
711 2376 891 2446 Marianas
907 2373 1144 2464 Syllanasque
1163 2373 1303 2453 clades,

198 2493 469 2582 novissimaque
482 2492 605 2563 civilia
623 2492 740 2574 bella,
762 2491 939 2561 restitisse
959 2490 1105 2572 credas,
1126 2490 1190 2578 qui
1212 2490 1251 2557 lu
1269 2507 1307 2557 se

197 2607 360 2696 pristinoe
387 2607 547 2677 civitatis
585 2606 787 2695 imaginem
822 2606 1026 2675 referrent?
1060 2605 1162 2673 Hanc
1193 2604 1307 2690 igitur

198 2723 441 2793 adulteratam
454 2722 603 2805 urbem,

679 2886 798 2949 nulloque
808 2887 961 2948 frequentem

356 2966 416 3017 Cive
431 2965 609 3027 molismum,
627 2967 716 3016 mnndi
732 2967 776 3016 sed
791 2966 850 3016 lnce
861 2968 997 3029 repletam,

203 3155 366 3224 seniores
406 3153 463 3223 vix
496 3151 755 3241 agnoscebant.
802 3150 900 3236 Quin
932 3151 1054 3219 forum
1086 3147 1208 3236 ipsum
1237 3147 1310 3215 alio

203 3269 323 3339 Caesar
335 3269 533 3337 transferre
550 3268 733 3348 voluerat,
753 3276 811 3348 ut,
831 3265 935 3334 novis
952 3263 1176 3351 mutatisque
1193 3261 1311 3331 omni·

205 3385 274 3454 bus
286 3437 295 3466 ,
309 3382 505 3452 multitudo
521 3381 643 3451 minus
660 3381 821 3469 priorem
837 3379 1043 3449 libertatem
1058 3397 1100 3447 ac
1118 3377 1220 3465 Reip.
1242 3386 1311 3446 sta·

205 3508 286 3569 tum
308 3497 576 3567 recordaretur.
611 3495 707 3580 Quid
738 3495 873 3564 mirum
890 3494 1023 3580 igitur,
1043 3493 1095 3573 si,
1124 3491 1202 3581 ipsa
1221 3491 1313 3561 dell-

205 3617 345 3695 ciente‚
364 3622 405 3681 ut
417 3613 467 3682 ita
479 3613 620 3694 dicam,
633 3611 766 3700 patria,
781 3610 891 3681 insita
906 3628 1053 3699 quoque
1069 3609 1132 3676 illa
1148 3607 1312 3677 llomauo

207 3727 433 3799 vivacissima
446 3727 573 3816 patriae
586 3727 718 3795 caritas
731 3725 918 3794 interdum
937 3722 1110 3792 defecisse
1125 3721 1313 3791 videatur?

206 3846 328 3934 Ipsam
339 3841 439 3911 enim
451 3842 657 3923 civitatem,
675 3841 798 3929 ipsum
811 3849 1000 3920 senatum,
1014 3838 1116 3926 jura,
1135 3836 1314 3922 leges,li··

240 4171 274 4229 (l)
366 4167 449 4216 Gallos
460 4165 540 4214 Casan
551 4167 575 4212 in
588 4162 745 4225 triumphum
757 4163 834 4218 ducit,
849 4162 914 4210 idem
923 4164 949 4210 in
959 4163 1071 4217 curiam;

365 4246 430 4295 Galli
442 4246 541 4294 braccas
552 4246 731 4305 deposuerunt,
744 4244 823 4291 latum
835 4244 933 4291 clavum
945 4243 1096 4289 sparserunt,
