2984 4750
703 233 892 302 ..12-

239 416 378 493 Laert,
399 410 462 501 Ep.
480 411 529 494 ll,
551 409 649 505 lta).
680 409 749 480 Sed
772 409 972 479 multitudo
989 428 1031 478 ex
1050 427 1093 478 ea
1111 408 1280 479 doctrina
1298 408 1351 478 nil

237 536 374 619 praeter
390 525 426 594 id
449 530 553 610 ἡδονῆς
577 526 807 616 propositum
829 524 1007 605 retinuit,
1034 524 1154 613 pravis
1172 525 1250 594 suis
1265 524 1353 594 libi-

237 641 401 721 dinibus
414 640 612 731 voluptatis
624 639 789 721 nomine,
806 636 1149 709 accommodatum:
1169 638 1354 727 vulgoque

237 768 321 828 tum
341 755 465 825 Romae
483 755 652 844 Epicurei
669 754 887 824 dicebantur
899 752 1147 841 quicumque,
1159 752 1251 842 quid
1264 753 1354 821 ami·

237 874 394 953 sissent,
414 869 547 960 quidve
572 871 610 938 in
630 878 820 959 posterum
846 865 1087 936 metuendum
1106 876 1204 936 esset
1221 886 1354 957 parum

238 984 452 1067 studentes,
480 985 520 1053 in
543 984 619 1054 otio
641 1003 684 1052 ac
709 982 851 1052 deliciis
876 999 1025 1050 omnem
1048 981 1161 1050 vitam
1183 991 1354 1052 contere-

238 1101 341 1170 bant.
358 1099 571 1187 Magistrum
590 1097 734 1169 vivendi
751 1097 1027 1166 Archestratum
1046 1094 1214 1185 plerique
1233 1105 1354 1166 secta-

240 1217 389 1295 bantur,
419 1214 526 1303 cujus
551 1194 742 1303 praecepta
757 1212 802 1280 de
822 1211 932 1281 lautis
953 1210 1072 1299 epulis
1097 1211 1204 1300 quasi
1227 1210 1355 1300 Epicu-

239 1346 390 1400 reorum
397 1338 560 1425 Θεογονιαν
578 1348 657 1398 esse
667 1327 858 1396 dictitabat
871 1325 1354 1415 Chrysippus-Quantum

239 1446 355 1535 igitur
384 1443 593 1514 istiusmodi
629 1441 878 1533 philosophia,
911 1439 1048 1510 nedum
1080 1440 1187 1510 malis
1215 1440 1356 1530 aliquid

242 1559 399 1631 remedii
408 1559 567 1641 afferret,
588 1575 733 1626 morum
749 1564 878 1625 contra
889 1555 1137 1644 corruptelam
1148 1554 1353 1636 adauxerit,

241 1675 350 1745 facile
370 1673 556 1763 conjicias.
579 1671 741 1739 Perierat
761 1669 861 1738 enim
880 1670 1012 1759 pudor,
1039 1689 1158 1758 neque
1174 1670 1251 1758 jam
1280 1670 1356 1740 ulla

240 1796 433 1878 supererat
469 1784 653 1875 opinionis
691 1783 911 1866 auctoritas,
956 1791 1152 1873 postquam
1190 1784 1357 1872 perditus

245 1903 403 1994 quisque
422 1900 559 1990 flagitia
581 1899 885 1987 impietatemque
902 1896 1061 1987 quodam
1079 1899 1267 1988 sapientie
1290 1917 1357 1989 pa-

245 2017 403 2088 trocinio
425 2024 625 2086 excusaret.
659 2006 837 2082 Immanis
859 2031 947 2101 ergo
972 2013 1096 2083 Romoe
1115 2013 1186 2083 iuit
1200 2024 1274 2097 ,ut
1290 2033 1357 2084 cae·

244 2144 324 2204 tera
345 2132 490 2214 omnia,
512 2149 658 2199 morum
674 2127 895 2217 depravatio.
918 2127 1014 2213 Quid
1033 2136 1156 2198 autem
1177 2138 1357 2217 praeterea

247 2249 386 2317 mirum
400 2256 479 2327 est,
499 2245 596 2334 quod
612 2243 724 2313 iidem
741 2243 797 2311 illi
813 2252 979 2332 raptores
992 2241 1114 2325 orbis,
1137 2244 1203 2334 qui
1218 2245 1263 2313 ad
1280 2264 1358 2314 om·

246 2361 308 2432 nia
336 2361 449 2431 aruris
472 2358 677 2449 superanda
705 2366 808 2427 tanto
833 2358 1043 2429 animorum
1064 2358 1204 2448 impetu
1228 2361 1358 2431 effere-

245 2478 395 2559 bantur,
415 2484 608 2565 postquam
623 2475 767 2563 justum
781 2472 850 2541 sibi
863 2474 968 2564 quasi
983 2474 1200 2544 alimentum
1218 2475 1356 2559 defuit,

246 2592 375 2662 eodem
393 2590 557 2661 libidinis
574 2590 705 2658 ardore
732 2588 809 2677 jam
832 2590 925 2658 sein
946 2590 1064 2659 otium
1087 2610 1129 2660 ac
1147 2609 1257 2661 omne
1271 2590 1359 2659 deli·

247 2707 387 2775 ciarum
399 2703 848 2793 genusingurgitaverin13
866 2705 897 2773 si
909 2704 1017 2775 modo
1031 2705 1188 2795 quisque
1203 2707 1262 2774 sui
1274 2722 1359 2773 con·

247 2820 439 2891 scientiam
463 2819 532 2887 ista
562 2818 739 2888 ebrietate
769 2828 940 2888 excutere
968 2825 1109 2907 posset?
1132 2820 1284 2891 Summa
1314 2819 1360 2889 iis

247 2944 327 3005 tum
354 2933 533 3023 sapientia
562 2932 786 3015 habebatur,
807 2931 1042 3004 libidinosam
1067 2936 1180 3005 vitam
1203 2935 1359 3005 delicata

188 3035 192 3042 d
247 3057 367 3119 morte
384 3049 502 3118 finire.
527 3049 575 3118 Ex
592 3068 667 3136 quo
682 3047 888 3137 praesertim
902 3046 990 3118 Cato
1007 3069 1046 3119 se
1060 3050 1188 3140 patriae
1197 3051 1359 3121 libertati

247 3171 488 3244 mactaverat,
510 3160 707 3251 quamdam
729 3181 848 3249 pravoe
865 3162 1081 3234 imitationis
1101 3166 1359 3251 contagionem

149 3271 150 3275 ’
248 3276 402 3346 Romam
419 3274 594 3343 invasisse
606 3272 751 3344 dixeris.
772 3275 840 3345 Sed
851 3275 949 3345 inter
963 3276 1360 3367 Epicureosimprimis

247 3407 330 3458 eam
347 3385 572 3458 fastidiosam
591 3404 719 3455 necem
736 3388 775 3456 in
790 3388 868 3458 dies
882 3390 1050 3471 viliorem
1068 3391 1327 3463 consuetudoi
1345 3428 1359 3441 -

247 3510 382 3573 cerat:
412 3518 499 3568 nam
530 3499 561 3569 si
593 3517 704 3587 quem
727 3500 877 3570 tandem
903 3503 1056 3574 taederet
1090 3523 1157 3594 per
1186 3504 1359 3575 eumdem

248 3615 390 3697 somni,
425 3612 519 3696 cibi,
563 3612 727 3684 libidinis
768 3616 949 3686 circulum
984 3636 1152 3700 currere,
1189 3619 1359 3689 hebetem

249 3731 360 3799 vitam
377 3748 464 3799 cum
481 3728 666 3798 sodalibus
684 3729 783 3798 inter
799 3731 930 3818 pocula
947 3731 1161 3820 rejteiebat:
1191 3734 1360 3805 eamdem

246 3844 287 3915 in
301 3846 375 3915 vita
390 3862 503 3934 quam
520 3843 557 3911 in
571 3843 748 3913 conviviis
763 3845 883 3932 legem
893 3844 1134 3917 obtinebant:
1155 3852 1233 3919 Aut
1250 3850 1356 3934 boat,

246 3971 308 4029 aut
321 3960 428 4031 abeat.
444 3998 489 4011 -
502 3959 592 4045 Quoe
604 3975 690 4027 vero
710 3968 916 4043 veternosa,
933 3972 973 4031 ut
995 3963 1047 4032 ita
1064 3963 1202 4046 dicam,
1215 3964 1359 4035 vivendi

248 4074 444 4156 institutio,
460 4072 686 4163 quamquasi
697 4091 879 4144 venenum
886 4076 1072 4166 quoddam
1080 4079 1356 4166 egrotantibus,

247 4207 322 4278 quo
334 4187 477 4257 facilius
490 4186 529 4255 in
549 4196 667 4256 morte
686 4186 959 4272 obdormirent,
975 4201 1142 4279 paratum
1158 4194 1357 4278 existimes,
