2984 4750
682 273 871 341 ..62-

221 440 445 511 contulerim
469 460 554 511 cum
577 439 835 509 minutissimis
860 438 939 508 istis
966 447 1177 508 nostrornm
1202 440 1333 510 docto*

221 576 306 627 rum
332 555 378 625 de
398 556 621 627 conscientia
651 554 949 645 quaestiunculis,
974 555 1038 644 qui
1063 556 1188 625 omnia
1213 555 1334 626 officia

221 671 486 742 subtilitatibus
510 670 726 761 depravata,
755 670 801 738 ad
824 669 1028 760 quemlibet
1053 671 1198 740 vivendi
1228 671 1336 740 habi·

222 795 302 857 tum
329 786 526 857 deflectere
548 785 708 855 student.
745 784 929 854 Plurimos
952 794 1078 855 autem
1100 786 1208 855 istius
1233 786 1336 856 modi

222 911 428 973 recoctores
462 903 660 972 moralium
698 900 818 970 Stoica
850 909 949 970 secta
984 902 1130 971 tulerat
1166 900 1336 987 Quorum

222 1018 312 1087 dum
335 1018 397 1087 alii
420 1018 571 1108 quidem
597 1016 700 1086 nullo
717 1016 828 1086 modo
853 1016 898 1085 dc
921 1016 1076 1086 honesto
1096 1017 1251 1104 transigi
1275 1036 1335 1106 pa⁴

222 1133 422 1213 tiebantur;
446 1133 510 1201 alii
535 1152 642 1212 vero,
682 1151 729 1201 ne
765 1131 882 1200 virtus
912 1132 1065 1201 fortasse
1097 1130 1146 1200 ob
1180 1131 1337 1201 nimiam

224 1246 461 1318 acerbitatem
479 1247 523 1317 de
538 1247 659 1317 modio
674 1248 868 1315 hominum
881 1246 1087 1331 tolleretur,
1103 1247 1337 1317 remissiores

225 1382 263 1431 ae
281 1361 446 1452 praebere
459 1380 502 1430 ac
515 1361 657 1431 delictis
671 1361 866 1430 hominum
885 1360 1006 1429 lenius
1025 1360 1192 1429 solebant
1210 1361 1337 1430 indul-

225 1495 320 1565 gere.
357 1475 459 1566 Saepe
498 1496 584 1547 vero
620 1476 700 1546 steri
738 1474 890 1557 debuit,
936 1482 978 1543 ut
1013 1475 1052 1543 iu
1086 1476 1157 1545 hoc
1192 1476 1337 1546 lubrico

226 1590 332 1661 multi
351 1609 423 1660 oon
440 1591 528 1660 satis
542 1600 689 1680 possent
709 1590 930 1669 consistere,
950 1610 992 1660 ac
1012 1590 1109 1659 vitiis
1131 1591 1214 1679 plus
1227 1610 1336 1681 aequo

225 1706 543 1796 obsequerentur:
564 1705 653 1795 quin
680 1725 724 1774 eo
748 1705 900 1793 quidam
927 1723 1077 1785 venere,
1108 1713 1149 1773 ut
1181 1706 1337 1792 argutiis

225 1821 423 1912 probarent
447 1820 651 1908 sapientem
679 1838 813 1907 eorpus
843 1840 953 1889 suum
986 1820 1130 1890 cunctis
1160 1821 1332 1908 flagitiis,

225 1936 254 2005 si
283 1935 394 2007 modo
410 1944 575 2004 mentem
603 1934 786 2022 integram
818 1945 1030 2024 castamque
1063 1944 1245 2018 servaret,
1270 1938 1336 2005 ad-⁴

227 2051 349 2123 dicere
371 2068 477 2140 posse
509 2047 767 2144 (t).1ndeque
801 2051 1015 2138 singillatim
1049 2050 1332 2134 describebant,

226 2186 309 2259 quoe
333 2165 500 2257 quamvis
537 2165 748 2247 teterrima,
777 2166 922 2256 sapiens
960 2165 1237 2247 indifferenter,
1271 2176 1336 2236 aut

227 2282 338 2353 ctiam
359 2282 509 2351 honeste
526 2299 590 2368 per
603 2281 834 2350 occasionem
857 2281 895 2349 in
913 2299 952 2349 se
970 2279 1166 2350 admittere
1182 2282 1330 2351 valeret.

231 2395 363 2483 -Qno
376 2395 525 2485 quidem
546 2396 585 2465 in
603 2396 718 2464 nimio
731 2395 895 2484 corporis
912 2395 1086 2484 despectu
1102 2395 1335 2465 manifestam

228 2511 425 2584 orientalis
454 2510 593 2599 ingenii
630 2510 910 2581 inclinationem
938 2510 1025 2582 licet
1050 2521 1238 2599 agnoscas.
1260 2512 1335 2580 Etsi

228 2647 313 2699 vero
339 2626 486 2710 Cicero,
516 2627 716 2715 Diogenem
747 2626 989 2715 Babylonium
1017 2627 1055 2695 in
1085 2626 1155 2696 hoc
1185 2626 1335 2716 Antipa-⁴

227 2751 400 2833 trumque
422 2741 630 2825 Sidonium,
659 2740 958 2831 Hecatonemque
984 2741 1097 2811 duces
1130 2743 1335 2831 praesertim

227 2866 396 2940 secutus,
429 2858 468 2925 in
498 2856 577 2925 istis
606 2854 818 2945 disputandi
852 2857 967 2945 spinis
1000 2857 1147 2945 longius
1177 2858 1330 2938 hereat,

228 2993 419 3065 nunquam
442 2970 643 3045 tamenab
662 2973 816 3042 honesto
833 2972 1080 3041 abstrahitur:
1102 2982 1335 3062 aspernator-

228 3110 299 3183 que
313 3090 543 3160 acutissimas
556 3090 644 3158 istas
659 3107 701 3157 ac
719 3107 812 3177 pene
829 3088 975 3176 cynicos
994 3088 1233 3178 questiones,
1255 3107 1335 3178 per⁴

228 3225 442 3295 versamque
462 3206 585 3287 istam,
602 3224 674 3293 qua
691 3203 775 3294 quis
786 3202 825 3272 in
845 3202 1018 3273 virtutem
1038 3204 1142 3293 quasi
1159 3203 1331 3293 obrepat,

227 3321 419 3392 rationem.
445 3320 524 3390 Non
547 3320 749 3409 sapientem
768 3318 881 3406 igitur
898 3318 1101 3408 quidquam
1118 3319 1256 3388 loedum
1271 3330 1336 3388 aut

223 3436 469 3526 flagitiosum,
501 3456 545 3504 ne
576 3435 834 3505 conservandae
863 3434 1013 3524 quidem
1045 3435 1172 3524 patriae
1202 3455 1332 3517 causa,

222 3554 341 3623 iacere
359 3552 509 3641 patitur.
539 3549 707 3641 Cumque
727 3550 909 3640 permulta
932 3549 1139 3620 istiusmodi
1156 3557 1249 3619 tetra
1267 3551 1335 3620 ob-

225 3686 408 3757 scenaque
438 3665 655 3736 Posidonius
683 3665 762 3754 ipse
790 3665 1017 3753 collegisset,
1054 3666 1148 3734 hanc
1188 3667 1335 3735 virtutis

225 3782 522 3874 depravationem
537 3782 751 3869 indignatur
765 3790 895 3850 contra
910 3779 1051 3863 Cicero,
1071 3781 1334 3871 contenditque

226 3919 417 3989 nunquam
444 3910 591 3989 tempus
618 3898 783 3968 accidere
815 3916 942 3986 posse,
979 3906 1021 3967 ut
1053 3897 1200 3968 intersit
1228 3897 1329 3986 Reipa

224 4014 427 4106 quidquam
443 4015 593 4084 illorum
610 4015 729 4083 lacere
752 4012 956 4101 sapientem
981 4012 1031 4109 (1,
1053 4012 1128 4107 lto).
1160 4013 1218 4084 Sic
1239 4014 1335 4084 mira

260 4268 293 4332 (t)
307 4269 367 4318 Vide
378 4268 444 4317 Stob.
459 4267 525 4317 Eccl.
540 4268 575 4326 ll,
587 4281 612 4329 p.
622 4270 676 4317 230.
690 4295 717 4303 -
731 4268 795 4317 Sext.
807 4268 878 4331 Emp.
887 4269 946 4331 hyp.
960 4269 1045 4331 Pyrrh.
1058 4269 1105 4328 ΙΙΙ,
1118 4273 1172 4329 tol,
1185 4273 1239 4319 2⁴8.
