2984 4750
626 242 821 320 ...119-

169 392 258 463 iore.
270 392 362 462 Nam
380 390 542 483 prolecto
555 393 652 463 haud
661 412 807 484 semper
816 393 952 463 multas
964 394 1061 489 inter
1074 414 1133 466 res
1147 395 1277 486 liquet,

170 510 271 580 uude¹
284 509 403 598 major
419 516 491 578 stet
505 508 658 592 utilitas,
677 511 936 600 honestasque,
953 509 1024 581 nisi
1036 531 1109 601 qua
1123 532 1166 581 ex
1183 530 1281 582 corn-

71 649 74 655 ·
171 624 277 694 muni
288 643 473 709 mensura,
486 625 1074 717 singulaeintersecomparentur.
1088 627 1281 697 Maximam

170 749 350 829 praeterea
375 741 548 832 equidem
574 741 772 811 utilitatem
797 760 882 810 cum
906 761 1052 813 summo
1078 742 1176 813 bono
1191 762 1281 815 con-

164 861 333 946 junctam
347 877 427 927 esse
444 856 626 939 concedo;
642 875 715 947 qua
729 876 816 927 vero
829 857 867 926 iu
879 877 919 926 re
936 857 1049 940 illud,
1065 877 1139 948 quo
1154 878 1283 929 omnes

170 973 322 1044 tendere
339 974 512 1056 debeant,
533 992 749 1063 supremum
770 972 910 1043 bonum
929 983 1088 1058 constet,
1107 974 1206 1046 hand
1223 995 1283 1046 sa-

171 1088 218 1158 tis
233 1088 508 1160 interhomines
520 1089 713 1171 convenit;
728 1088 872 1159 sublata
888 1091 1093 1179 praesertim
1104 1110 1125 1160 e
1138 1093 1278 1162 urundo

171 1203 333 1274 Deorum
348 1186 598 1293 providentia,
620 1223 761 1294 speque
777 1204 1067 1276 immortalitatis
1082 1204 1154 1301 ι(1).

219 1337 321 1408 Plato
341 1356 493 1428 nempe,
514 1356 600 1408 cum
619 1338 658 1407 in
675 1336 744 1407 hac
763 1338 969 1409 officiorum
988 1339 1279 1429 comparatione,

103 1468 107 1472 ’
169 1452 359 1525 hominem
376 1453 464 1524 olim
484 1452 530 1522 ad
553 1453 590 1522 id
616 1462 763 1523 tantum
782 1454 882 1543 quod
900 1474 965 1543 per
982 1474 1020 1524 se
1039 1455 1280 1545 absoluteque

172 1567 310 1638 bonum
323 1576 398 1648 est,
418 1567 601 1656 respicere
611 1567 781 1657 juberet,
799 1568 998 1639 sublimem
1018 1570 1182 1658 prolecto
1197 1589 1280 1640 eam

170 1682 252 1752 vitae
276 1681 507 1771 disciplinam
531 1683 575 1751 ad
597 1682 808 1753 animorum
825 1684 1143 1754 immortalitatem
1164 1685 1281 1754 inlor-

170 1797 313 1881 mabat,
340 1806 590 1887 aeternamque
607 1798 769 1870 Deorum
787 1818 873 1869 cum
891 1799 1104 1870 hominibus
1123 1801 1280 1870 societa-
1374 1888 1378 1891 Π

169 1924 244 1984 tem
269 1914 393 1984 divino
410 1932 477 1983 suo
494 1913 645 2002 ingenio
664 1913 1043 2004 complectebatur-
1065 1914 1279 1986 Aristoteles

169 2049 276 2114 vero,
296 2028 361 2120 qui
381 2028 553 2099 virtutem
573 2048 703 2100 rursus
720 2030 818 2099 intra
836 2029 918 2098 vitae
938 2030 1119 2099 terminos
1134 2049 1279 2102 coerce·

169 2144 249 2227 bat,
262 2162 444 2233 omneque
456 2143 594 2214 bonum
609 2163 651 2214 er
667 2145 836 2214 utilitatis
853 2153 1021 2235 respectu
1038 2145 1275 2229 metiebatur,

169 2261 207 2329 in
226 2280 268 2329 ea
294 2258 440 2329 utilium
467 2259 564 2329 inter
586 2278 624 2329 se
652 2260 948 2349 comparatione,
974 2259 1030 2343 id,
1054 2269 1095 2331 ut
1121 2261 1275 2346 melius,

169 2376 439 2467 praeferendum
469 2395 548 2445 esse
572 2376 746 2447 censebat
767 2377 866 2467 quod
884 2377 930 2447 ad
947 2377 1111 2466 plurium
1138 2378 1279 2449 utilita-

168 2502 244 2563 tem
277 2491 499 2582 pertineret:
522 2489 760 2581 'prorsnsque
789 2491 827 2560 in
862 2510 906 2561 eo
934 2510 1120 2561 summum
1139 2493 1278 2563 bonum

166 2605 422 2677 collocandum
447 2626 549 2689 esse,
593 2606 690 2677 unde
718 2606 899 2677 universae
937 2606 1093 2675 civitatis
1123 2606 1277 2678 felicitas

167 2730 359 2811 pareretur
377 2722 440 2811 (2).
473 2721 551 2792 Hoc
575 2722 689 2820 igitur
707 2721 913 2792 universale
933 2722 1180 2810 Peripateticis
1202 2723 1276 2793 cri-

165 2838 301 2909 terium
320 2837 407 2920 luit,
424 2857 498 2926 quo
510 2839 634 2908 omnia
653 2839 691 2908 in
704 2837 849 2907 vivendi
866 2837 1060 2927 disciplina
1073 2840 1273 2923 referrent,

165 2964 275 3043 atque
295 2947 393 3023 ande
414 2954 702 3042 perpenderetur
722 2963 903 3044 quantum
921 2952 1124 3024 honestatis
1143 2955 1181 3024 in
1199 2956 1276 3026 sin-

165 3065 261 3154 gulis
274 3066 385 3136 rebus
402 3066 549 3136 inesset.

213 3196 260 3266 Ea
276 3205 333 3267 est
355 3198 564 3269 communis
585 3197 713 3288 patriae'
738 3198 899 3283 utilitas,
921 3221 1034 3291 quam
1051 3210 1087 3272 et
1104 3202 1181 3292 ipse
1198 3223 1273 3274 suae

162 3311 370 3383 officiorum
383 3313 643 3402 compositioni
655 3313 834 3405 imposuit
845 3315 988 3387 Cicero.
1012 3316 1273 3391 «Sicontentio

165 3426 388 3517 ‚quaedam,
415 3428 560 3518 inquit,
582 3438 619 3499 et
641 3431 867 3519 comparatio
889 3432 972 3515 liat,
1002 3432 1137 3523 quibus
1158 3434 1273 3523 pluri-

165 3561 300 3628 »mum
327 3542 567 3615 tribuendum
591 3544 723 3627 officii,
752 3546 938 3638 principes
960 3558 1047 3619 sunt
1069 3549 1216 3632 l’otrt'o,
1237 3560 1274 3619 et

163 3667 385 3749 »parentes
419 3678 579 3748 quorum
612 3659 801 3731 benefieiis
837 3662 1005 3733 maximis
1035 3661 1185 3752 obligati
1215 3684 1272 3734 su-

193 4008 228 4074 (ι)
240 4010 294 4060 Non
306 4010 346 4058 lrlc
355 4009 479 4069 referam,
496 4014 555 4072 quot
569 4008 674 4059 diversa
693 4010 724 4059 de
737 4010 836 4059 summi
849 4009 913 4060 boni
928 4018 1028 4061 notura
1044 4013 1196 4075 opinionesa
1213 4012 1271 4074 pbl-

160 4089 270 4153 lotophls
285 4094 341 4139 tum
357 4089 556 4139 delendetenlur.
581 4089 655 4139 Nulla
671 4092 757 4138 auum
774 4102 887 4152 uuquam
909 4090 939 4140 de
953 4104 979 4141 re
1001 4093 1026 4140 ln
1041 4081 1179 4155 'gymnasiis
1194 4094 1272 4153 magls

159 4169 345 4232 ambigebatnr3
368 4174 430 4220 leste
447 4170 560 4220 Terentio
574 4170 699 4228 Varrone,
716 4172 758 4230 qui
775 4182 821 4219 suo
833 4174 943 4232 tempore
953 4172 1086 4234 plusquam
1102 4178 1224 4223 trecentas
1242 4173 1272 4223 dc

158 4249 247 4299 eadem
258 4263 287 4300 ea
300 4264 327 4301 ro
344 4252 479 4299 sententias
492 4250 646 4299 numerabat.
656 4275 686 4284 -
701 4247 736 4313 (t)
749 4248 805 4297 Etlr.
818 4250 849 4298 ad
859 4250 912 4298 Nic.
923 4251 948 4310 1,
959 4255 982 4300 l.

1047 4343 1065 4402 4
