2984 4750
620 232 813 309 ..117-

210 385 316 473 Quod
333 385 365 457 si
381 403 481 456 nunc
498 390 621 454 tamen
637 384 706 455 boe
720 382 909 454 Ciceronis
927 401 1020 473 opus
1037 402 1123 453 cum
1140 394 1271 456 eorum

88 522 98 535 ·
161 502 385 592 scriptorum
409 499 514 571 libris
531 499 702 583 consero,
729 499 812 589 qui,
832 498 902 569 sub
925 498 1111 570 Caesarum
1130 501 1270 590 princi-

161 626 263 708 patu,
279 617 325 687 de
336 615 465 687 eadem
479 614 710 704 philosophia
723 614 857 685 morali
870 613 1138 697 disseruerunt,
1154 616 1273 687 novis·

161 733 274 802 simos
291 732 358 803 bos
374 740 504 802 contra
521 731 639 800 multo
657 730 769 802 altius
787 730 826 799 in
845 729 960 799 animi
979 748 1148 814 recessus
1166 750 1273 819 pene-

162 858 277 917 trasse
299 846 472 917 invenio:
502 854 628 935 utpote
656 846 720 936 qui
742 866 764 915 a
789 844 947 934 publicis
970 845 1082 915 rebus
1103 846 1273 933 gerendis

162 962 318 1044 exclusi,
337 979 464 1031 secum
479 959 629 1029 tandem
652 961 773 1030 vivere
795 960 912 1048 magis
937 959 976 1028 in
991 959 1074 1047 dies¹
1095 981 1272 1049 cogeren-

162 1076 337 1147 tur-At
354 1085 531 1165 praeterea
547 1075 718 1145 intimam
736 1094 864 1146 rerum
882 1085 1071 1157 naturam,
1089 1095 1189 1165 cum,
1210 1097 1272 1148 so-

162 1192 249 1263 lutis
271 1192 349 1282 jam
375 1189 633 1281 compagibus,
650 1191 767 1261 moles
792 1210 836 1261 ex
862 1189 965 1260 omni
988 1200 1090 1280 parte
1117 1192 1268 1277 fatiscit,

163 1307 258 1391 sicut
273 1306 312 1375 in
333 1304 469 1395 apertis
487 1304 672 1374 cadaveris
691 1305 894 1376 visceribus
913 1325 1046 1376 arcana
1064 1307 1166 1390 vitae,
1182 1309 1272 1378 iaci-

162 1420 234 1492 lius
248 1419 509 1510 deprehendas.
518 1419 608 1489 -Μ,
626 1420 778 1510 quidem
791 1420 947 1503 Tullius,
960 1421 1028 1491 etsi
1039 1421 1118 1510 jam
1132 1421 1272 1511 iniquis

163 1535 391 1624 temporibus
413 1535 575 1618 vivebat,
602 1535 648 1603 ad
665 1553 769 1624 spem
792 1535 912 1604 adbnc
936 1536 1087 1624 pronior
1109 1543 1206 1618 erat,
1225 1536 1272 1604 li-

164 1649 390 1739 bertatIsque
403 1659 441 1719 et
457 1649 582 1738 gloriae
597 1650 791 1732 amantior,
808 1669 921 1739 quam
937 1658 979 1719 ut
991 1649 1092 1720 intus
1109 1650 1272 1719 remedia

164 1762 208 1831 ad
220 1763 399 1833 sanandas
418 1762 533 1833 animi
547 1763 786 1852 aegritudines
798 1773 1001 1855 quaereret:
1019 1765 1144 1834 omnia
1160 1765 1274 1851 igitur

163 1888 345 1968 praecepta
360 1878 603 1949 adactionem
622 1880 981 1969 ostentationemque
999 1877 1192 1961 informat3
1210 1899 1274 1949 er-

164 1993 346 2064 trinsecus
361 2001 511 2084 spectat.
531 1992 667 2064 Seneca
684 2013 791 2077 vero,
807 1995 977 2083 adempta
999 1993 1140 2064 dudum
1155 1997 1274 2083 patria

164 2108 426 2198 libertateque,
451 2107 491 2176 in
519 2127 557 2177 se
584 2109 664 2198 ipse
687 2107 881 2179 recessisse
913 2106 1072 2190 videtur,
1101 2109 1133 2177 si
1163 2110 1273 2181 modo

164 2224 414 2295 calamitatum
428 2233 618 2312 aspectum
631 2222 880 2313 vitiorumque
894 2231 1034 2313 pestem
1053 2231 1174 2311 posset
1184 2225 1274 2294 eitu-

165 2358 260 2428 gere.
280 2338 427 2409 Nullam
442 2337 543 2409 enirn
568 2346 648 2409 tum
675 2338 791 2409 virtus
808 2337 854 2407 ad
881 2339 1039 2408 bonores
1062 2338 1158 2408 viam
1185 2359 1272 2430 ape-

163 2454 305 2524 riebat:
328 2453 429 2524 nulla
454 2463 534 2525 erat
556 2453 747 2526 hominum
771 2453 917 2545 publica
943 2453 1178 2542 approbatio,
1199 2474 1271 2545 qua

165 2568 252 2638 boni
274 2568 320 2637 ad
344 2568 518 2657 praeclare
544 2568 728 2658 agendum
754 2568 1053 2658 impellerentnr;
1072 2568 1174 2639 nulla
1190 2571 1272 2659 opi-

166 2682 286 2754 nionis
310 2683 534 2768 reverentia,
557 2686 703 2756 nullum
726 2692 861 2775 praeter
878 2683 1058 2772 cujusque
1084 2685 1271 2755 conscien-

164 2799 254 2869 tiam
283 2799 430 2870 virtutis
462 2799 757 2871 incitamentum.
792 2797 950 2869 Omnem
980 2797 1095 2886 igitur
1127 2799 1271 2870 vivendi

162 2913 394 3005 disciplinam
418 2913 555 2985 Seneca
577 2914 624 2983 ab
649 2912 911 2995 exterioribus,
930 2923 972 2983 ut
994 2913 1045 2983 ita
1067 2914 1205 2997 dicam,
1224 2916 1271 2985 ad

162 3030 339 3100 interiora
350 3029 464 3099 animi
472 3029 675 3100 devocavit.
693 3026 714 3095 J
716 3045 777 3101 am
785 3026 937 3097 intimos
949 3046 1078 3098 sensus
1090 3028 1269 3117 explorat,

161 3281 211 3330 tuit
225 3291 279 3329 esse
293 3280 440 3340 diversitas,
460 3278 594 3342 virideque
612 3278 751 3329 affectuum
766 3280 872 3342 pictura,
886 3290 946 3327 cum
956 3277 988 3327 ab
1001 3279 1070 3327 omni
1085 3278 1272 3341 perturbatione

161 3361 254 3419 animi,
275 3361 426 3423 quicumque
445 3361 472 3409 in
496 3372 571 3409 scena
591 3359 743 3421 agitabatur,
762 3371 851 3409 vacare
874 3358 993 3409 deberet?
1017 3358 1098 3420 Quam
1117 3358 1271 3411 luculentam

160 3437 271 3487 tabulam
288 3450 318 3488 ex
339 3438 417 3499 rigida
433 3437 519 3499 Reguli
538 3449 643 3501 persona
659 3439 796 3501 exprimes,
823 3439 872 3487 nisi
888 3440 1009 3488 invictam
1027 3437 1098 3487 illam
1108 3440 1187 3487 animi
1202 3451 1273 3503 aspe-

161 3521 260 3569 ritatem
269 3517 403 3581 paululum
418 3517 566 3579 infregeris?
581 3518 606 3566 si
625 3529 703 3579 quam
722 3521 808 3567 autern
823 3516 952 3581 Sophoclis
969 3517 1142 3582 Ennpldlsquc
1159 3516 1271 3568 tabulam

160 3598 284 3649 Pacuvius
293 3600 319 3646 in
328 3610 429 3648 scenam
445 3597 521 3647 latine
534 3598 676 3661 apponeret,
687 3594 807 3658 quidquid
818 3597 845 3644 in
861 3595 972 3645 moribus
986 3595 1110 3647 infirmius
1126 3596 1270 3656 videbatur,

160 3678 233 3728 itetus
249 3678 342 3728 scillcet
352 3678 519 3739 gemitusque,
536 3675 630 3726 solebat
639 3675 745 3725 recidere
755 3694 762 3724 ι
772 3674 946 3737 ulyssemque,
962 3679 991 3725 ut
999 3676 1111 3740 exemplo
1119 3680 1185 3737 utar,
1193 3678 1218 3726 tn
1231 3690 1273 3727 ex-

160 3759 246 3809 tremis
255 3758 346 3820 Niptris
354 3755 531 3807 moribundum
541 3755 803 3815 inducebat,altornm
813 3755 887 3803 lictus
895 3757 931 3804 sie
941 3755 1128 3817 objurgantem:

307 3878 422 3936 conqueri
430 3877 548 3924 lortonam
557 3879 695 3934 adversam,
709 3890 758 3925 non
772 3877 895 3923 lamentari
908 3876 989 3922 decet:

306 3948 332 3993 ld
342 3948 386 3993 viri
395 3954 431 3996 ert
441 3949 559 3996 odicium:
571 3950 640 3996 datos
649 3949 758 3995 muliebri
771 3948 865 4005 ingenio
874 3947 978 3993 additus.

159 4062 283 4126 Quoniam
296 4068 382 4114 autem
398 4064 471 4115 heros
483 4063 588 4126 quilibet
604 4063 669 4114 nulli
684 4063 762 4114 dolori
781 4063 902 4114 obnoxius
919 4063 998 4113 videri
1013 4062 1125 4123 deberet,
1142 4063 1203 4125 quid
1216 4066 1271 4125 jam

158 4142 190 4192 ad
205 4143 414 4194 commovendum
427 4144 555 4194 theatrum
568 4144 678 4194 restabat
686 4142 765 4204 aliud,
775 4156 853 4205 qnam
868 4146 898 4193 ut
913 4155 1005 4193 manus
1023 4145 1050 4192 in
1061 4154 1148 4193 veram
1162 4148 1270 4206 stragem

158 4223 253 4271 actores
264 4224 437 4272 consererent?
446 4222 507 4272 Tota
516 4234 572 4285 ergo
582 4220 701 4284 tragedia
708 4221 820 4273 Romana
831 4223 858 4271 in
867 4222 1032 4284 gladiatorum
1042 4222 1108 4273 ludis
1117 4224 1269 4274 continetur,
