<?xml version="1.0" encoding="UTF-8"?>
<!DOCTYPE html PUBLIC "-//W3C//DTD XHTML 1.0 Transitional//EN"
    "http://www.w3.org/TR/xhtml1/DTD/xhtml1-transitional.dtd">
<html xmlns="http://www.w3.org/1999/xhtml" xml:lang="en" lang="en">
 <head>
  <title>
</title>
<meta http-equiv="Content-Type" content="text/html;charset=utf-8" />
  <meta name='ocr-system' content='tesseract 3.04.00' />
  <meta name='ocr-capabilities' content='ocr_page ocr_carea ocr_par ocr_line ocrx_word'/>
</head>
<body>
  <div class='ocr_page' id='page_1' title='image "./historicademtci00benogoog_0098.png"; bbox 0 0 2984 4750; ppageno 0'>
   <div class='ocr_carea' id='block_1_1' title="bbox 709 221 899 297">
    <p class='ocr_par' dir='ltr' id='par_1_1' title="bbox 709 221 899 297">
     <span class='ocr_line' id='line_1_1' title="bbox 709 221 899 297; baseline 0.011 -25"><span class='ocrx_word' id='word_1_1' title='bbox 709 221 899 297; x_wconf 70' lang='lat' dir='ltr'>„pg-</span> 
     </span>
    </p>
   </div>
   <div class='ocr_carea' id='block_1_2' title="bbox 248 389 1363 823">
    <p class='ocr_par' dir='ltr' id='par_1_2' title="bbox 248 389 1363 823">
     <span class='ocr_line' id='line_1_2' title="bbox 251 389 1363 480; baseline 0.004 -21"><span class='ocrx_word' id='word_1_2' title='bbox 251 399 487 480; x_wconf 90' lang='lat' dir='ltr'>mentemque</span> <span class='ocrx_word' id='word_1_3' title='bbox 519 399 639 459; x_wconf 85' lang='lat' dir='ltr'>versat</span> <span class='ocrx_word' id='word_1_4' title='bbox 673 407 738 477; x_wconf 91' lang='lat' dir='ltr'>per</span> <span class='ocrx_word' id='word_1_5' title='bbox 769 389 923 471; x_wconf 92' lang='lat' dir='ltr'>omnia,</span> <span class='ocrx_word' id='word_1_6' title='bbox 956 408 998 458; x_wconf 92' lang='lat' dir='ltr'>ac</span> <span class='ocrx_word' id='word_1_7' title='bbox 1030 390 1124 459; x_wconf 90' lang='lat' dir='ltr'>mira</span> <span class='ocrx_word' id='word_1_8' title='bbox 1158 391 1363 463; x_wconf 82' lang='lat' dir='ltr'>subtilitate</span> 
     </span>
     <span class='ocr_line' id='line_1_3' title="bbox 251 504 1363 597; baseline 0.004 -24"><span class='ocrx_word' id='word_1_9' title='bbox 251 525 382 575; x_wconf 87' lang='lat' dir='ltr'>vacuas</span> <span class='ocrx_word' id='word_1_10' title='bbox 408 504 579 594; x_wconf 89' lang='lat' dir='ltr'>inprimis</span> <span class='ocrx_word' id='word_1_11' title='bbox 599 505 688 575; x_wconf 89' lang='lat' dir='ltr'>istas</span> <span class='ocrx_word' id='word_1_12' title='bbox 712 504 952 591; x_wconf 74' lang='lat' dir='ltr'>egritudines</span> <span class='ocrx_word' id='word_1_13' title='bbox 979 512 1017 573; x_wconf 88' lang='lat' dir='ltr'>et</span> <span class='ocrx_word' id='word_1_14' title='bbox 1037 504 1201 589; x_wconf 85' lang='lat' dir='ltr'>fastidia,</span> <span class='ocrx_word' id='word_1_15' title='bbox 1222 507 1363 597; x_wconf 89' lang='lat' dir='ltr'>quibus</span> 
     </span>
     <span class='ocr_line' id='line_1_4' title="bbox 250 618 1361 705; baseline 0.001 -16"><span class='ocrx_word' id='word_1_16' title='bbox 250 620 419 691; x_wconf 89' lang='lat' dir='ltr'>homines</span> <span class='ocrx_word' id='word_1_17' title='bbox 440 620 685 705; x_wconf 83' lang='lat' dir='ltr'>tabescerent,</span> <span class='ocrx_word' id='word_1_18' title='bbox 709 619 916 692; x_wconf 90' lang='lat' dir='ltr'>describit:</span> <span class='ocrx_word' id='word_1_19' title='bbox 939 618 1002 690; x_wconf 92' lang='lat' dir='ltr'>sed</span> <span class='ocrx_word' id='word_1_20' title='bbox 1036 618 1123 690; x_wconf 88' lang='lat' dir='ltr'>eum</span> <span class='ocrx_word' id='word_1_21' title='bbox 1149 622 1361 693; x_wconf 90' lang='lat' dir='ltr'>animorum</span> 
     </span>
     <span class='ocr_line' id='line_1_5' title="bbox 248 733 1206 823; baseline 0.003 -21"><span class='ocrx_word' id='word_1_22' title='bbox 248 735 464 822; x_wconf 78' lang='lat' dir='ltr'>languorem</span> <span class='ocrx_word' id='word_1_23' title='bbox 478 734 605 805; x_wconf 88' lang='lat' dir='ltr'>Cicero</span> <span class='ocrx_word' id='word_1_24' title='bbox 620 735 742 805; x_wconf 82' lang='lat' dir='ltr'>videre</span> <span class='ocrx_word' id='word_1_25' title='bbox 760 753 828 805; x_wconf 91' lang='lat' dir='ltr'>nec</span> <span class='ocrx_word' id='word_1_26' title='bbox 844 733 980 823; x_wconf 92' lang='lat' dir='ltr'>potuit,</span> <span class='ocrx_word' id='word_1_27' title='bbox 998 753 1066 804; x_wconf 88' lang='lat' dir='ltr'>nec</span> <span class='ocrx_word' id='word_1_28' title='bbox 1081 736 1206 806; x_wconf 89' lang='lat' dir='ltr'>voluit.</span> 
     </span>
    </p>
   </div>
   <div class='ocr_carea' id='block_1_3' title="bbox 676 1186 843 1259">
    <p class='ocr_par' dir='ltr' id='par_1_3' title="bbox 676 1186 843 1259">
     <span class='ocr_line' id='line_1_6' title="bbox 676 1186 843 1259; baseline -0.006 0"><span class='ocrx_word' id='word_1_29' title='bbox 676 1186 679 1193; x_wconf 81' lang='grc'><strong>’</strong></span> <span class='ocrx_word' id='word_1_30' title='bbox 769 1189 843 1259; x_wconf 91' lang='lat' dir='ltr'>v1.</span> 
     </span>
    </p>
   </div>
   <div class='ocr_carea' id='block_1_4' title="bbox 252 1402 1360 1629">
    <p class='ocr_par' dir='ltr' id='par_1_4' title="bbox 252 1402 1360 1629">
     <span class='ocr_line' id='line_1_7' title="bbox 252 1402 1357 1470; baseline 0.008 -17"><span class='ocrx_word' id='word_1_31' title='bbox 252 1403 292 1453; x_wconf 75' lang='lat' dir='ltr'>De</span> <span class='ocrx_word' id='word_1_32' title='bbox 305 1402 547 1455; x_wconf 68' lang='lat' dir='ltr'>Patria-Patriae</span> <span class='ocrx_word' id='word_1_33' title='bbox 558 1405 690 1454; x_wconf 88' lang='lat' dir='ltr'>utilitatem</span> <span class='ocrx_word' id='word_1_34' title='bbox 706 1418 751 1467; x_wconf 88' lang='lat' dir='ltr'>pro</span> <span class='ocrx_word' id='word_1_35' title='bbox 767 1418 884 1468; x_wconf 84' lang='lat' dir='ltr'>supremo</span> <span class='ocrx_word' id='word_1_36' title='bbox 899 1407 964 1457; x_wconf 90' lang='lat' dir='ltr'>bono</span> <span class='ocrx_word' id='word_1_37' title='bbox 982 1410 1096 1470; x_wconf 81' lang='lat' dir='ltr'>proponit</span> <span class='ocrx_word' id='word_1_38' title='bbox 1112 1408 1210 1469; x_wconf 84' lang='lat' dir='ltr'>Cicero,</span> <span class='ocrx_word' id='word_1_39' title='bbox 1224 1411 1290 1461; x_wconf 91' lang='lat' dir='ltr'>uude</span> <span class='ocrx_word' id='word_1_40' title='bbox 1306 1422 1357 1462; x_wconf 75' lang='lat' dir='ltr'>ne·</span> 
     </span>
     <span class='ocr_line' id='line_1_8' title="bbox 280 1483 1360 1551; baseline 0.007 -18"><span class='ocrx_word' id='word_1_41' title='bbox 280 1490 333 1534; x_wconf 80' lang='lat' dir='ltr'>tero</span> <span class='ocrx_word' id='word_1_42' title='bbox 343 1483 421 1534; x_wconf 88' lang='lat' dir='ltr'>olllcia</span> <span class='ocrx_word' id='word_1_43' title='bbox 431 1486 488 1533; x_wconf 84' lang='lat' dir='ltr'>ritae</span> <span class='ocrx_word' id='word_1_44' title='bbox 502 1488 568 1534; x_wconf 88' lang='lat' dir='ltr'>certo</span> <span class='ocrx_word' id='word_1_45' title='bbox 579 1487 694 1550; x_wconf 74' lang='grc' dir='ltr'>κριτηρίῳ</span> <span class='ocrx_word' id='word_1_46' title='bbox 705 1484 965 1549; x_wconf 81' lang='lat' dir='ltr'>ordinentur.—Quae</span> <span class='ocrx_word' id='word_1_47' title='bbox 977 1500 1007 1537; x_wconf 77' lang='lat' dir='ltr'>ex</span> <span class='ocrx_word' id='word_1_48' title='bbox 1016 1501 1046 1537; x_wconf 86' lang='lat' dir='ltr'>ea</span> <span class='ocrx_word' id='word_1_49' title='bbox 1054 1491 1141 1551; x_wconf 75' lang='lat' dir='ltr'>patria</span> <span class='ocrx_word' id='word_1_50' title='bbox 1153 1490 1270 1551; x_wconf 81' lang='lat' dir='ltr'>religione</span> <span class='ocrx_word' id='word_1_51' title='bbox 1276 1491 1360 1541; x_wconf 76' lang='lat' dir='ltr'>Romu</span> 
     </span>
     <span class='ocr_line' id='line_1_9' title="bbox 280 1564 1219 1629; baseline 0.003 -18"><span class='ocrx_word' id='word_1_52' title='bbox 280 1567 412 1612; x_wconf 81' lang='lat' dir='ltr'>consecuta</span> <span class='ocrx_word' id='word_1_53' title='bbox 420 1565 478 1624; x_wconf 92' lang='lat' dir='ltr'>sint,</span> <span class='ocrx_word' id='word_1_54' title='bbox 495 1577 574 1625; x_wconf 90' lang='lat' dir='ltr'>quum</span> <span class='ocrx_word' id='word_1_55' title='bbox 585 1565 672 1612; x_wconf 84' lang='lat' dir='ltr'>civitas</span> <span class='ocrx_word' id='word_1_56' title='bbox 682 1567 763 1613; x_wconf 89' lang='lat' dir='ltr'>toturn</span> <span class='ocrx_word' id='word_1_57' title='bbox 776 1564 861 1614; x_wconf 90' lang='lat' dir='ltr'>orbem</span> <span class='ocrx_word' id='word_1_58' title='bbox 873 1570 996 1616; x_wconf 88' lang='lat' dir='ltr'>terrarum</span> <span class='ocrx_word' id='word_1_59' title='bbox 1007 1566 1219 1629; x_wconf 81' lang='lat' dir='ltr'>complecteretur.</span> 
     </span>
    </p>
   </div>
   <div class='ocr_carea' id='block_1_5' title="bbox 889 1737 1306 1861">
    <p class='ocr_par' dir='ltr' id='par_1_5' title="bbox 889 1737 1306 1861">
     <span class='ocr_line' id='line_1_10' title="bbox 889 1737 1306 1795; baseline -0.005 -14"><span class='ocrx_word' id='word_1_60' title='bbox 889 1737 944 1781; x_wconf 88' lang='lat' dir='ltr'>Urbi</span> <span class='ocrx_word' id='word_1_61' title='bbox 956 1744 1020 1793; x_wconf 85' lang='lat' dir='ltr'>pater</span> <span class='ocrx_word' id='word_1_62' title='bbox 1030 1744 1078 1791; x_wconf 84' lang='lat' dir='ltr'>est,</span> <span class='ocrx_word' id='word_1_63' title='bbox 1090 1738 1189 1795; x_wconf 85' lang='lat' dir='ltr'>urbique</span> <span class='ocrx_word' id='word_1_64' title='bbox 1201 1738 1306 1781; x_wconf 80' lang='lat' dir='ltr'>maritus.</span> 
     </span>
     <span class='ocr_line' id='line_1_11' title="bbox 1036 1808 1270 1861; baseline -0.004 -9"><span class='ocrx_word' id='word_1_65' title='bbox 1036 1824 1038 1827; x_wconf 95' lang='lat'>·</span> <span class='ocrx_word' id='word_1_66' title='bbox 1126 1809 1228 1861; x_wconf 58' lang='grc' dir='ltr'>ΡΜ,</span> <span class='ocrx_word' id='word_1_67' title='bbox 1242 1808 1270 1852; x_wconf 90' lang='lat' dir='ltr'>ll.</span> 
     </span>
    </p>
   </div>
   <div class='ocr_carea' id='block_1_6' title="bbox 299 1996 1479 2091">
    <p class='ocr_par' dir='ltr' id='par_1_6' title="bbox 299 1996 1479 2091">
     <span class='ocr_line' id='line_1_12' title="bbox 299 1996 1479 2091; baseline 0.001 -25"><span class='ocrx_word' id='word_1_68' title='bbox 299 1997 519 2086; x_wconf 86' lang='lat' dir='ltr'>Quanquam</span> <span class='ocrx_word' id='word_1_69' title='bbox 552 1996 768 2068; x_wconf 86' lang='lat' dir='ltr'>Ciceronem</span> <span class='ocrx_word' id='word_1_70' title='bbox 793 1998 831 2067; x_wconf 91' lang='lat' dir='ltr'>in</span> <span class='ocrx_word' id='word_1_71' title='bbox 861 2018 926 2068; x_wconf 89' lang='lat' dir='ltr'>sua</span> <span class='ocrx_word' id='word_1_72' title='bbox 951 1999 1096 2068; x_wconf 90' lang='lat' dir='ltr'>virtutis</span> <span class='ocrx_word' id='word_1_73' title='bbox 1130 1998 1363 2068; x_wconf 89' lang='lat' dir='ltr'>institutione</span> <span class='ocrx_word' id='word_1_74' title='bbox 1478 2088 1479 2091; x_wconf 4' lang='grc' dir='ltr'><strong>Ἴ</strong></span> 
     </span>
    </p>
   </div>
   <div class='ocr_carea' id='block_1_7' title="bbox 242 2113 1415 4275">
    <p class='ocr_par' dir='ltr' id='par_1_7' title="bbox 246 2113 1415 3565">
     <span class='ocr_line' id='line_1_13' title="bbox 249 2113 1361 2203; baseline -0.002 -19"><span class='ocrx_word' id='word_1_75' title='bbox 249 2132 369 2203; x_wconf 87' lang='lat' dir='ltr'>neque</span> <span class='ocrx_word' id='word_1_76' title='bbox 382 2114 476 2183; x_wconf 90' lang='lat' dir='ltr'>Deos</span> <span class='ocrx_word' id='word_1_77' title='bbox 492 2113 738 2196; x_wconf 89' lang='lat' dir='ltr'>immortales,</span> <span class='ocrx_word' id='word_1_78' title='bbox 751 2133 876 2203; x_wconf 91' lang='lat' dir='ltr'>neque</span> <span class='ocrx_word' id='word_1_79' title='bbox 894 2133 997 2203; x_wconf 91' lang='lat' dir='ltr'>spem</span> <span class='ocrx_word' id='word_1_80' title='bbox 1014 2114 1166 2183; x_wconf 86' lang='lat' dir='ltr'>alterius</span> <span class='ocrx_word' id='word_1_81' title='bbox 1181 2113 1263 2181; x_wconf 87' lang='lat' dir='ltr'>vitae</span> <span class='ocrx_word' id='word_1_82' title='bbox 1281 2131 1361 2182; x_wconf 92' lang='lat' dir='ltr'>res-</span> 
     </span>
     <span class='ocr_line' id='line_1_14' title="bbox 249 2227 1361 2317; baseline -0.001 -19"><span class='ocrx_word' id='word_1_83' title='bbox 249 2229 389 2317; x_wconf 86' lang='lat' dir='ltr'>pexisse</span> <span class='ocrx_word' id='word_1_84' title='bbox 406 2229 578 2312; x_wconf 69' lang='lat' dir='ltr'>diximus</span> <span class='ocrx_word' id='word_1_85' title='bbox 595 2249 669 2299; x_wconf 90' lang='lat' dir='ltr'>non</span> <span class='ocrx_word' id='word_1_86' title='bbox 683 2230 744 2299; x_wconf 91' lang='lat' dir='ltr'>bic</span> <span class='ocrx_word' id='word_1_87' title='bbox 756 2229 974 2316; x_wconf 84' lang='lat' dir='ltr'>religionem</span> <span class='ocrx_word' id='word_1_88' title='bbox 987 2238 1109 2298; x_wconf 90' lang='lat' dir='ltr'>tamen</span> <span class='ocrx_word' id='word_1_89' title='bbox 1130 2227 1283 2298; x_wconf 91' lang='lat' dir='ltr'>omnino</span> <span class='ocrx_word' id='word_1_90' title='bbox 1300 2228 1361 2297; x_wconf 92' lang='lat' dir='ltr'>de-</span> 
     </span>
     <span class='ocr_line' id='line_1_15' title="bbox 248 2343 1358 2436; baseline -0.001 -22"><span class='ocrx_word' id='word_1_91' title='bbox 248 2343 377 2428; x_wconf 78' lang='lat' dir='ltr'>fuisse,</span> <span class='ocrx_word' id='word_1_92' title='bbox 424 2365 506 2436; x_wconf 88' lang='lat' dir='ltr'>quae</span> <span class='ocrx_word' id='word_1_93' title='bbox 540 2365 668 2416; x_wconf 92' lang='lat' dir='ltr'>omnes</span> <span class='ocrx_word' id='word_1_94' title='bbox 699 2345 846 2416; x_wconf 89' lang='lat' dir='ltr'>virtutis</span> <span class='ocrx_word' id='word_1_95' title='bbox 878 2354 999 2436; x_wconf 91' lang='lat' dir='ltr'>partes</span> <span class='ocrx_word' id='word_1_96' title='bbox 1037 2345 1358 2434; x_wconf 87' lang='lat' dir='ltr'>complecteretur,</span> 
     </span>
     <span class='ocr_line' id='line_1_16' title="bbox 246 2453 1415 2559; baseline 0.001 -31"><span class='ocrx_word' id='word_1_97' title='bbox 246 2459 449 2559; x_wconf 81' lang='lat' dir='ltr'>existimari</span> <span class='ocrx_word' id='word_1_98' title='bbox 466 2460 587 2531; x_wconf 84' lang='lat' dir='ltr'>velim.</span> <span class='ocrx_word' id='word_1_99' title='bbox 615 2460 784 2551; x_wconf 91' lang='lat' dir='ltr'>Undique</span> <span class='ocrx_word' id='word_1_100' title='bbox 810 2461 911 2531; x_wconf 88' lang='lat' dir='ltr'>enirn</span> <span class='ocrx_word' id='word_1_101' title='bbox 929 2462 1028 2531; x_wconf 91' lang='lat' dir='ltr'>inter</span> <span class='ocrx_word' id='word_1_102' title='bbox 1044 2469 1099 2532; x_wconf 92' lang='lat' dir='ltr'>tot</span> <span class='ocrx_word' id='word_1_103' title='bbox 1117 2460 1260 2530; x_wconf 89' lang='lat' dir='ltr'>diversa</span> <span class='ocrx_word' id='word_1_104' title='bbox 1276 2453 1361 2529; x_wconf 72' lang='lat' dir='ltr'>vita</span> <span class='ocrx_word' id='word_1_105' title='bbox 1411 2455 1415 2462; x_wconf 86' lang='lat'>&#39;</span> 
     </span>
     <span class='ocr_line' id='line_1_17' title="bbox 247 2574 1357 2666; baseline 0 -19"><span class='ocrx_word' id='word_1_106' title='bbox 247 2574 386 2659; x_wconf 86' lang='lat' dir='ltr'>officia,</span> <span class='ocrx_word' id='word_1_107' title='bbox 409 2576 568 2660; x_wconf 91' lang='lat' dir='ltr'>eminet,</span> <span class='ocrx_word' id='word_1_108' title='bbox 597 2585 639 2645; x_wconf 90' lang='lat' dir='ltr'>ut</span> <span class='ocrx_word' id='word_1_109' title='bbox 656 2576 708 2645; x_wconf 92' lang='lat' dir='ltr'>ita</span> <span class='ocrx_word' id='word_1_110' title='bbox 728 2576 870 2661; x_wconf 90' lang='lat' dir='ltr'>dicam,</span> <span class='ocrx_word' id='word_1_111' title='bbox 901 2576 1031 2664; x_wconf 85' lang='lat' dir='ltr'>ingens</span> <span class='ocrx_word' id='word_1_112' title='bbox 1058 2576 1184 2666; x_wconf 85' lang='lat' dir='ltr'>patriae</span> <span class='ocrx_word' id='word_1_113' title='bbox 1209 2576 1357 2664; x_wconf 85' lang='lat' dir='ltr'>imago,</span> 
     </span>
     <span class='ocr_line' id='line_1_18' title="bbox 246 2690 1357 2781; baseline -0.003 -19"><span class='ocrx_word' id='word_1_114' title='bbox 246 2703 330 2781; x_wconf 82' lang='lat' dir='ltr'>quae</span> <span class='ocrx_word' id='word_1_115' title='bbox 345 2691 519 2762; x_wconf 89' lang='lat' dir='ltr'>Romanis</span> <span class='ocrx_word' id='word_1_116' title='bbox 531 2700 613 2761; x_wconf 89' lang='lat' dir='ltr'>tum</span> <span class='ocrx_word' id='word_1_117' title='bbox 625 2710 690 2780; x_wconf 91' lang='lat' dir='ltr'>pro</span> <span class='ocrx_word' id='word_1_118' title='bbox 700 2691 843 2762; x_wconf 86' lang='lat' dir='ltr'>caeteris</span> <span class='ocrx_word' id='word_1_119' title='bbox 855 2690 1028 2762; x_wconf 88' lang='lat' dir='ltr'>omnibus</span> <span class='ocrx_word' id='word_1_120' title='bbox 1039 2690 1115 2760; x_wconf 88' lang='lat' dir='ltr'>iliis</span> <span class='ocrx_word' id='word_1_121' title='bbox 1130 2691 1335 2761; x_wconf 89' lang='lat' dir='ltr'>habebatur</span> <span class='ocrx_word' id='word_1_122' title='bbox 1348 2714 1357 2772; x_wconf 83' lang='lat'>3</span> 
     </span>
     <span class='ocr_line' id='line_1_19' title="bbox 247 2804 1361 2896; baseline -0.002 -21"><span class='ocrx_word' id='word_1_123' title='bbox 247 2806 340 2876; x_wconf 90' lang='lat' dir='ltr'>illud</span> <span class='ocrx_word' id='word_1_124' title='bbox 371 2804 475 2894; x_wconf 92' lang='lat' dir='ltr'>quasi</span> <span class='ocrx_word' id='word_1_125' title='bbox 508 2805 622 2875; x_wconf 89' lang='lat' dir='ltr'>totius</span> <span class='ocrx_word' id='word_1_126' title='bbox 653 2804 858 2896; x_wconf 88' lang='lat' dir='ltr'>discipliuae</span> <span class='ocrx_word' id='word_1_127' title='bbox 889 2824 964 2875; x_wconf 85' lang='lat' dir='ltr'>suae</span> <span class='ocrx_word' id='word_1_128' title='bbox 997 2805 1183 2891; x_wconf 82' lang='lat' dir='ltr'>fastigium</span> <span class='ocrx_word' id='word_1_129' title='bbox 1217 2805 1361 2875; x_wconf 83' lang='lat' dir='ltr'>extollit</span> 
     </span>
     <span class='ocr_line' id='line_1_20' title="bbox 247 2920 1361 3011; baseline -0.003 -20"><span class='ocrx_word' id='word_1_130' title='bbox 247 2920 391 3003; x_wconf 92' lang='lat' dir='ltr'>Noster,</span> <span class='ocrx_word' id='word_1_131' title='bbox 407 2940 481 3010; x_wconf 92' lang='lat' dir='ltr'>quo</span> <span class='ocrx_word' id='word_1_132' title='bbox 493 2929 625 2991; x_wconf 86' lang='lat' dir='ltr'>caetera</span> <span class='ocrx_word' id='word_1_133' title='bbox 637 2930 816 3011; x_wconf 89' lang='lat' dir='ltr'>spectent,</span> <span class='ocrx_word' id='word_1_134' title='bbox 834 2920 1361 3009; x_wconf 82' lang='lat' dir='ltr'>referanturqueQuandoque</span> 
     </span>
     <span class='ocr_line' id='line_1_21' title="bbox 247 3033 1361 3126; baseline -0.004 -20"><span class='ocrx_word' id='word_1_135' title='bbox 247 3033 366 3106; x_wconf 88' lang='lat' dir='ltr'>officia</span> <span class='ocrx_word' id='word_1_136' title='bbox 383 3034 548 3119; x_wconf 88' lang='lat' dir='ltr'>interse,</span> <span class='ocrx_word' id='word_1_137' title='bbox 564 3045 605 3105; x_wconf 88' lang='lat' dir='ltr'>ut</span> <span class='ocrx_word' id='word_1_138' title='bbox 621 3036 790 3125; x_wconf 73' lang='lat' dir='ltr'>saepem,</span> <span class='ocrx_word' id='word_1_139' title='bbox 811 3035 983 3106; x_wconf 85' lang='lat' dir='ltr'>videntur</span> <span class='ocrx_word' id='word_1_140' title='bbox 1000 3054 1227 3126; x_wconf 87' lang='lat' dir='ltr'>repugnare,</span> <span class='ocrx_word' id='word_1_141' title='bbox 1243 3035 1361 3105; x_wconf 90' lang='lat' dir='ltr'>conti-</span> 
     </span>
     <span class='ocr_line' id='line_1_22' title="bbox 247 3151 1358 3241; baseline -0.001 -21"><span class='ocrx_word' id='word_1_142' title='bbox 247 3169 322 3220; x_wconf 90' lang='lat' dir='ltr'>nuo</span> <span class='ocrx_word' id='word_1_143' title='bbox 331 3170 569 3222; x_wconf 88' lang='lat' dir='ltr'>communem</span> <span class='ocrx_word' id='word_1_144' title='bbox 578 3171 660 3221; x_wconf 90' lang='lat' dir='ltr'>eam</span> <span class='ocrx_word' id='word_1_145' title='bbox 680 3152 808 3241; x_wconf 71' lang='lat' dir='ltr'>patriae</span> <span class='ocrx_word' id='word_1_146' title='bbox 824 3152 1022 3222; x_wconf 89' lang='lat' dir='ltr'>utilitatem</span> <span class='ocrx_word' id='word_1_147' title='bbox 1040 3171 1082 3221; x_wconf 90' lang='lat' dir='ltr'>ac</span> <span class='ocrx_word' id='word_1_148' title='bbox 1096 3151 1266 3239; x_wconf 87' lang='lat' dir='ltr'>gloriam,</span> <span class='ocrx_word' id='word_1_149' title='bbox 1281 3158 1358 3220; x_wconf 92' lang='lat' dir='ltr'>tan-</span> 
     </span>
     <span class='ocr_line' id='line_1_23' title="bbox 246 3265 1360 3363; baseline -0.004 -25"><span class='ocrx_word' id='word_1_150' title='bbox 246 3284 360 3356; x_wconf 88' lang='lat' dir='ltr'>quam</span> <span class='ocrx_word' id='word_1_151' title='bbox 377 3285 594 3354; x_wconf 90' lang='lat' dir='ltr'>supremum</span> <span class='ocrx_word' id='word_1_152' title='bbox 622 3265 848 3336; x_wconf 89' lang='lat' dir='ltr'>discriminis</span> <span class='ocrx_word' id='word_1_153' title='bbox 878 3279 1020 3363; x_wconf 68' lang='grc' dir='ltr'>κριτήριον</span> <span class='ocrx_word' id='word_1_154' title='bbox 1045 3267 1230 3347; x_wconf 88' lang='lat' dir='ltr'>admovet,</span> <span class='ocrx_word' id='word_1_155' title='bbox 1262 3265 1360 3334; x_wconf 90' lang='lat' dir='ltr'>unde</span> 
     </span>
     <span class='ocr_line' id='line_1_24' title="bbox 246 3377 1355 3472; baseline -0.001 -24"><span class='ocrx_word' id='word_1_156' title='bbox 246 3377 394 3469; x_wconf 87' lang='lat' dir='ltr'>planius</span> <span class='ocrx_word' id='word_1_157' title='bbox 403 3377 539 3467; x_wconf 90' lang='lat' dir='ltr'>singuli</span> <span class='ocrx_word' id='word_1_158' title='bbox 556 3378 652 3448; x_wconf 86' lang='lat' dir='ltr'>cives</span> <span class='ocrx_word' id='word_1_159' title='bbox 667 3380 756 3469; x_wconf 92' lang='lat' dir='ltr'>quid</span> <span class='ocrx_word' id='word_1_160' title='bbox 770 3381 966 3470; x_wconf 86' lang='lat' dir='ltr'>agendum,</span> <span class='ocrx_word' id='word_1_161' title='bbox 983 3381 1072 3472; x_wconf 92' lang='lat' dir='ltr'>quid</span> <span class='ocrx_word' id='word_1_162' title='bbox 1086 3380 1278 3451; x_wconf 90' lang='lat' dir='ltr'>vitandum</span> <span class='ocrx_word' id='word_1_163' title='bbox 1295 3378 1355 3462; x_wconf 92' lang='lat' dir='ltr'>sit,</span> 
     </span>
     <span class='ocr_line' id='line_1_25' title="bbox 246 3494 470 3565; baseline -0.013 -1"><span class='ocrx_word' id='word_1_164' title='bbox 246 3494 470 3565; x_wconf 88' lang='lat' dir='ltr'>discernant.</span> 
     </span>
    </p>

    <p class='ocr_par' dir='ltr' id='par_1_8' title="bbox 242 3608 1359 4275">
     <span class='ocr_line' id='line_1_26' title="bbox 295 3608 1358 3681; baseline -0.002 -3"><span class='ocrx_word' id='word_1_165' title='bbox 295 3608 375 3679; x_wconf 92' lang='lat' dir='ltr'>Non</span> <span class='ocrx_word' id='word_1_166' title='bbox 396 3618 452 3679; x_wconf 86' lang='lat' dir='ltr'>sat</span> <span class='ocrx_word' id='word_1_167' title='bbox 468 3608 663 3680; x_wconf 85' lang='lat' dir='ltr'>eratenim</span> <span class='ocrx_word' id='word_1_168' title='bbox 683 3628 758 3679; x_wconf 91' lang='lat' dir='ltr'>uno</span> <span class='ocrx_word' id='word_1_169' title='bbox 776 3610 887 3681; x_wconf 90' lang='lat' dir='ltr'>verbo</span> <span class='ocrx_word' id='word_1_170' title='bbox 905 3631 991 3681; x_wconf 91' lang='lat' dir='ltr'>cum</span> <span class='ocrx_word' id='word_1_171' title='bbox 1011 3609 1205 3681; x_wconf 90' lang='lat' dir='ltr'>Socraticis</span> <span class='ocrx_word' id='word_1_172' title='bbox 1226 3609 1358 3679; x_wconf 83' lang='lat' dir='ltr'>dixisse</span> 
     </span>
     <span class='ocr_line' id='line_1_27' title="bbox 248 3723 1359 3815; baseline -0.003 -21"><span class='ocrx_word' id='word_1_173' title='bbox 248 3723 428 3815; x_wconf 91' lang='lat' dir='ltr'>quidquid</span> <span class='ocrx_word' id='word_1_174' title='bbox 446 3724 643 3794; x_wconf 89' lang='lat' dir='ltr'>honestum</span> <span class='ocrx_word' id='word_1_175' title='bbox 661 3735 757 3795; x_wconf 89' lang='lat' dir='ltr'>esset</span> <span class='ocrx_word' id='word_1_176' title='bbox 781 3745 867 3795; x_wconf 90' lang='lat' dir='ltr'>cum</span> <span class='ocrx_word' id='word_1_177' title='bbox 885 3746 970 3796; x_wconf 86' lang='lat' dir='ltr'>vera</span> <span class='ocrx_word' id='word_1_178' title='bbox 992 3725 1151 3795; x_wconf 90' lang='lat' dir='ltr'>utilitate</span> <span class='ocrx_word' id='word_1_179' title='bbox 1169 3743 1248 3794; x_wconf 90' lang='lat' dir='ltr'>esse</span> <span class='ocrx_word' id='word_1_180' title='bbox 1269 3743 1359 3793; x_wconf 93' lang='lat' dir='ltr'>con-</span> 
     </span>
     <span class='ocr_line' id='line_1_28' title="bbox 242 3837 1355 3930; baseline -0.005 -20"><span class='ocrx_word' id='word_1_181' title='bbox 242 3840 438 3930; x_wconf 78' lang='lat' dir='ltr'>junctum3</span> <span class='ocrx_word' id='word_1_182' title='bbox 457 3837 687 3910; x_wconf 90' lang='lat' dir='ltr'>honestatem</span> <span class='ocrx_word' id='word_1_183' title='bbox 713 3840 827 3928; x_wconf 89' lang='lat' dir='ltr'>igitur</span> <span class='ocrx_word' id='word_1_184' title='bbox 844 3858 989 3930; x_wconf 90' lang='lat' dir='ltr'>semper</span> <span class='ocrx_word' id='word_1_185' title='bbox 1006 3860 1085 3911; x_wconf 88' lang='lat' dir='ltr'>esse</span> <span class='ocrx_word' id='word_1_186' title='bbox 1105 3837 1355 3930; x_wconf 89' lang='lat' dir='ltr'>sequendam:</span> 
     </span>
     <span class='ocr_line' id='line_1_29' title="bbox 246 3952 1359 4045; baseline -0.004 -20"><span class='ocrx_word' id='word_1_187' title='bbox 246 3954 333 4025; x_wconf 91' lang='lat' dir='ltr'>etsi</span> <span class='ocrx_word' id='word_1_188' title='bbox 363 3954 511 4045; x_wconf 89' lang='lat' dir='ltr'>quando</span> <span class='ocrx_word' id='word_1_189' title='bbox 535 3954 705 4044; x_wconf 90' lang='lat' dir='ltr'>quaedam</span> <span class='ocrx_word' id='word_1_190' title='bbox 719 3965 958 4025; x_wconf 87' lang='lat' dir='ltr'>occurrerent</span> <span class='ocrx_word' id='word_1_191' title='bbox 978 3956 1098 4045; x_wconf 89' lang='lat' dir='ltr'>specie</span> <span class='ocrx_word' id='word_1_192' title='bbox 1127 3953 1280 4044; x_wconf 91' lang='lat' dir='ltr'>quidem</span> <span class='ocrx_word' id='word_1_193' title='bbox 1295 3952 1359 4022; x_wconf 92' lang='lat' dir='ltr'>bo·</span> 
     </span>
     <span class='ocr_line' id='line_1_30' title="bbox 247 4067 1358 4160; baseline -0.001 -23"><span class='ocrx_word' id='word_1_194' title='bbox 247 4078 370 4152; x_wconf 90' lang='lat' dir='ltr'>nesta,</span> <span class='ocrx_word' id='word_1_195' title='bbox 402 4070 500 4139; x_wconf 89' lang='lat' dir='ltr'>inter</span> <span class='ocrx_word' id='word_1_196' title='bbox 525 4089 564 4141; x_wconf 91' lang='lat' dir='ltr'>se</span> <span class='ocrx_word' id='word_1_197' title='bbox 586 4080 709 4139; x_wconf 91' lang='lat' dir='ltr'>tamen</span> <span class='ocrx_word' id='word_1_198' title='bbox 735 4071 1001 4160; x_wconf 89' lang='lat' dir='ltr'>repugnantia,</span> <span class='ocrx_word' id='word_1_199' title='bbox 1023 4079 1104 4141; x_wconf 91' lang='lat' dir='ltr'>tum</span> <span class='ocrx_word' id='word_1_200' title='bbox 1123 4069 1160 4139; x_wconf 91' lang='lat' dir='ltr'>id</span> <span class='ocrx_word' id='word_1_201' title='bbox 1178 4067 1278 4160; x_wconf 93' lang='lat' dir='ltr'>quod</span> <span class='ocrx_word' id='word_1_202' title='bbox 1296 4068 1358 4136; x_wconf 91' lang='lat' dir='ltr'>bo·</span> 
     </span>
     <span class='ocr_line' id='line_1_31' title="bbox 249 4173 1359 4275; baseline -0.002 -24"><span class='ocrx_word' id='word_1_203' title='bbox 249 4191 395 4266; x_wconf 86' lang='lat' dir='ltr'>nestum</span> <span class='ocrx_word' id='word_1_204' title='bbox 417 4173 613 4267; x_wconf 87' lang='lat' dir='ltr'>videretur,</span> <span class='ocrx_word' id='word_1_205' title='bbox 633 4185 921 4275; x_wconf 66' lang='lat' dir='ltr'>preferendum</span> <span class='ocrx_word' id='word_1_206' title='bbox 942 4186 1053 4275; x_wconf 92' lang='lat' dir='ltr'>idque</span> <span class='ocrx_word' id='word_1_207' title='bbox 1071 4186 1159 4255; x_wconf 89' lang='lat' dir='ltr'>item</span> <span class='ocrx_word' id='word_1_208' title='bbox 1176 4192 1214 4253; x_wconf 92' lang='lat' dir='ltr'>et</span> <span class='ocrx_word' id='word_1_209' title='bbox 1231 4181 1359 4252; x_wconf 88' lang='lat' dir='ltr'>utilius</span> 
     </span>
    </p>
   </div>
   <div class='ocr_carea' id='block_1_8' title="bbox 0 0 1496 4750">
    <p class='ocr_par' dir='ltr' id='par_1_9' title="bbox 0 0 1496 4750">
     <span class='ocr_line' id='line_1_32' title="bbox 0 0 1496 4750; baseline 0 3"><span class='ocrx_word' id='word_1_210' title='bbox 0 0 1496 4750; x_wconf 95' lang='lat' dir='ltr'> </span> 
     </span>
    </p>
   </div>
  </div>
 </body>
</html>
