2984 4750
629 222 823 300 ..pp-

171 371 260 442 iore.
272 371 364 441 Nam
382 369 544 462 prolecto
557 372 954 464 haudsempermultas
966 373 1063 443 inter
1077 393 1135 446 res
1149 375 1279 466 liquet,

172 488 274 559 undo
286 488 405 577 major
421 495 493 557 stet
507 487 659 571 utilitas,
679 490 938 579 honestasque,
955 489 1026 561 nisi
1038 511 1111 581 qua
1125 512 1168 561 ex
1185 511 1283 562 com-

75 628 78 634 ’
173 603 279 673 muni
289 622 475 688 mensura,
488 604 791 692 singulaeinterse
804 614 1076 695 comparentur.
1090 607 1283 677 Maximam

172 728 350 808 praeterea
377 720 550 810 equidem
576 720 774 791 utilitatem
798 739 883 791 cum
908 740 1054 793 summo
1080 722 1178 793 bono
1193 743 1283 795 con-

166 840 335 925 junctam
349 856 429 906 esse
445 836 606 907 concedo
620 861 628 918 ;
645 855 717 926 qua
732 855 818 906 vero
832 837 869 905 in
880 856 921 906 re
938 837 1051 920 illud,
1067 858 1141 928 quo
1155 858 1285 909 omnes

172 952 322 1023 tendere
341 952 514 1035 debeant,
535 971 751 1042 supremum
772 951 912 1022 bonum
930 962 1090 1037 constet,
1109 954 1209 1025 haud
1225 975 1284 1025 sa-

173 1068 219 1138 tis
235 1068 510 1139 interhomines
522 1068 715 1151 convenit;
730 1067 874 1139 sublata
890 1070 1094 1158 praesertim
1107 1090 1127 1140 e
1140 1072 1279 1142 mundo

172 1182 335 1253 Deorum
350 1183 600 1272 providentia,
622 1201 763 1273 speque
779 1184 1069 1256 immortalitatis
1084 1183 1156 1280 (l).

221 1316 323 1387 Plato
343 1335 495 1407 nempe,
515 1335 601 1388 cum
620 1317 660 1386 in
677 1315 746 1386 hac
765 1316 971 1389 officiorum
990 1319 1281 1409 comparatione,

105 1446 108 1451 ·
171 1431 361 1504 hominem
377 1432 466 1502 olim
486 1431 532 1501 ad
555 1431 592 1501 id
618 1441 765 1502 tantum
784 1434 883 1523 quod
901 1453 967 1523 per
984 1454 1022 1504 se
1040 1434 1281 1525 absoluteque

172 1546 311 1617 honum
324 1556 399 1627 est,
420 1546 603 1635 respicere
612 1546 783 1637 juberet,
801 1548 999 1618 sublimem
1020 1551 1183 1638 proiecto
1200 1570 1281 1620 eam

171 1661 255 1731 vitae
278 1659 509 1750 disciplinam
532 1661 576 1731 ad
599 1661 809 1732 animorum
827 1663 1145 1734 immortalitatem
1165 1665 1282 1734 infor-

172 1776 315 1860 mabat,
342 1785 592 1866 aeternamque
609 1777 772 1849 Deorum
789 1798 875 1849 cum
893 1779 1105 1849 hominibus
1125 1780 1282 1850 societa-
1376 1868 1380 1873 .

171 1903 246 1963 tem
271 1891 395 1962 divino
411 1911 478 1962 suo
496 1892 646 1981 ingenio
666 1894 1045 1983 complectebatur-
1066 1894 1280 1966 Aristoteles

171 2026 277 2092 vero,
298 2007 363 2098 qui
382 2007 555 2078 virtutem
574 2018 705 2079 rursus
722 2009 820 2078 intra
838 2009 920 2078 vitae
940 2010 1121 2079 terminos
1135 2030 1281 2082 coerce·

170 2123 251 2206 bat,
263 2140 446 2212 omneque
458 2122 596 2192 bonum
610 2143 653 2192 ex
668 2124 838 2193 utilitatis
855 2132 1023 2214 respectu
1040 2124 1277 2209 metiebatur,

170 2239 270 2309 inea
296 2237 442 2308 utilium
468 2236 626 2308 intense
653 2239 949 2328 comparatione,
976 2239 1031 2321 id,
1055 2248 1097 2310 ut
1122 2241 1277 2325 melius,

171 2354 450 2446 praeferendum
470 2373 549 2424 esse
574 2354 746 2425 censebat
768 2354 867 2446 quod
887 2354 932 2425 ad
950 2355 1112 2445 plurium
1139 2357 1281 2430 utilita-

170 2481 246 2541 tem
279 2470 500 2561 pertineret:
524 2469 761 2560 ‘prorsusque
790 2470 830 2538 in
864 2489 907 2539 eo
935 2488 1122 2539 summum
1141 2472 1280 2543 bonum

168 2585 423 2656 collocandum
449 2605 550 2667 esse,
594 2585 691 2655 unde
720 2586 901 2656 universae
938 2584 1095 2654 civitatis
1125 2586 1279 2658 felicitas

169 2709 361 2789 pareretur
379 2701 442 2790 (2).
474 2700 552 2770 Hoc
576 2701 690 2798 igitur
708 2700 915 2771 universale
934 2701 1182 2790 Peripateticis
1204 2703 1277 2773 cri-

167 2817 303 2888 terium
321 2817 407 2898 iuit‚
425 2835 499 2905 quo
512 2818 636 2887 omnia
654 2817 691 2886 in
706 2817 850 2887 vivendi
868 2817 1061 2907 disciplina
1075 2819 1274 2901 referrent,

166 2941 276 3022 atque
298 2925 394 3002 unde
415 2933 703 3021 perpenderetur
723 2942 904 3023 quantum
923 2932 1125 3003 honestatis
1144 2935 1183 3003 in
1201 2935 1278 3005 sin-

167 3045 262 3134 gulis
275 3044 386 3115 rebus
403 3045 551 3115 inesset.

214 3175 262 3245 Ea
277 3184 334 3246 cst
356 3177 565 3249 communis
587 3177 714 3267 patriae¹
739 3178 901 3261 utilitas,
923 3200 1035 3270 quam
1052 3182 1182 3272 etipse
1200 3203 1275 3253 suae

164 3290 371 3361 officiorum
384 3292 645 3381 compositioni
657 3292 836 3383 imposuit
847 3294 990 3367 Cicero.
1013 3296 1274 3368 «Sicontentio

166 3404 389 3495 »quaedam‚
416 3406 562 3496 inquit,
583 3416 620 3477 ct
642 3410 869 3498 comparatio
890 3411 973 3494 liat,
1003 3412 1138 3502 quibus
1159 3414 1275 3502 pluri-

166 3540 301 3607 »mum
327 3520 568 3593 tribuendum
592 3522 724 3606 officii,
754 3525 939 3616 principes
961 3537 1048 3597 sunt
1071 3528 1218 3610 Patrio,
1238 3539 1275 3599 et

164 3646 385 3728 »parentes‚
420 3655 580 3727 quorum
614 3636 803 3709 beneficiis
838 3641 1007 3712 maximis
1036 3641 1186 3732 obligati
1216 3664 1274 3715 su·

194 3986 228 4052 (t)
240 3989 295 4039 Non
306 3989 347 4037 nlo
356 3988 479 4048 referam,
496 3993 556 4051 quot
570 3987 675 4038 diversae
694 3988 725 4038 de
739 3989 838 4037 summi
851 3987 915 4038 boni
930 3996 1030 4039 notura
1045 3991 1197 4052 opinionesa
1214 3991 1272 4053 pht-

161 4068 271 4132 lotophis
285 4072 341 4118 tum
357 4067 557 4118 defenderentur.
582 4068 656 4118 Nulla
672 4071 758 4117 autem
775 4080 889 4129 unquam
910 4068 981 4118 dere
1003 4072 1028 4117 in
1041 4059 1180 4132 'gymnasiis
1195 4073 1273 4131 magis

160 4148 345 4210 amblgebatur3
368 4153 431 4199 teste
447 4149 561 4199 Terentio
575 4150 700 4207 Varrone,
717 4150 759 4210 qui
776 4161 822 4197 suo
835 4153 944 4210 tempore
955 4149 1088 4212 plusquam
1104 4156 1225 4200 trecentas
1243 4151 1273 4201 dc

160 4228 248 4278 eadem
258 4242 287 4278 ea
301 4242 328 4279 re
345 4230 479 4278 sententias
492 4229 647 4278 numerabat.
657 4254 687 4263 -
702 4226 737 4292 (t)
750 4227 806 4276 Etlr.
819 4228 850 4276 ad
861 4228 913 4276 llic.
925 4229 949 4288 l,
961 4233 983 4278 t.

1048 4321 1066 4380 4
