2984 4750
659 245 822 316 ..3-

186 410 385 497 bertatem,
400 414 439 484 in
461 422 581 486 castra
598 431 725 484 seeum
744 411 943 501 Pompeius
956 410 1152 511 Caesarque
1169 431 1294 503 aspor-

184 537 371 599 taverant:
387 531 465 619 jam
475 528 656 620 quidquid
670 527 850 598 veteranis
863 526 1041 610 libuisset,
1057 548 1123 617 pro
1138 529 1293 599 decretis

185 644 358 729 Patrum,
375 665 442 736 pro
461 645 587 736 populi
593 643 705 735 jussis
718 652 817 714 erat:
831 642 968 712 milites
985 652 1126 725 autem,
1141 643 1187 712 ab
1200 643 1292 713 urbe

184 777 330 849 semper
343 761 512 848 relegati,
530 760 671 828 nullam
684 759 794 827 aliam
808 758 987 847 patriam,
1008 777 1118 847 quam
1133 777 1198 827 sua
1212 776 1292 827 cas-

184 881 261 954 tra,
286 876 431 944 nullum
450 875 567 945 Deum
590 871 811 960 indigetem,
843 882 977 960 praeter
1000 872 1133 942 ducem
1157 890 1289 952 suum,
1345 898 1349 904 ·

184 988 303 1059 vereri
323 1009 406 1060 mox
424 997 659 1060 assueverant
677 985 745 1081 (l).
768 985 907 1056 Cuncta
925 986 1039 1074 igitur
1054 987 1131 1075 jam
1150 984 1292 1075 pridem

184 1103 217 1172 vi
233 1104 490 1174 tantummodo
504 1114 542 1174 et
558 1103 672 1173 armis
688 1100 999 1183 decernebantur3
1018 1101 1212 1191 omnisque
1230 1101 1293 1168 ho·

184 1227 306 1289 nestas
334 1219 374 1287 in
400 1219 590 1289 communi
619 1237 747 1289 rerum
778 1217 969 1304 naufragio
1002 1236 1075 1285 una
1103 1216 1294 1286 videbatur

185 1334 350 1423 periisse.

173 1478 176 1485 ·
234 1449 277 1517 In
295 1449 338 1517 ed
355 1449 518 1538 prolecto
538 1467 685 1519 morum
708 1446 969 1537 depravatione
986 1445 1171 1535 paulisper
1191 1464 1294 1516 com·

186 1562 406 1633 morandum
430 1563 522 1646 luit,
546 1573 589 1633 ut
607 1563 693 1633 inde
711 1561 941 1632 manifestius
958 1560 1206 1630 illustraretur
1223 1559 1295 1630 sin-

185 1678 323 1766 gularis
339 1677 402 1746 illa
431 1678 484 1748 vis
502 1678 659 1765 ingenii,
675 1677 876 1766 patriaeque
899 1675 1050 1756 caritas,
1075 1696 1147 1763 qua
1166 1675 1297 1745 Noster

187 1812 298 1874 supra
314 1810 551 1863 communem
564 1791 734 1862 omnium
751 1790 1063 1871 imbecillitatem,
1078 1789 1118 1858 in
1135 1790 1205 1858 hnc
1222 1788 1297 1859 lere

188 1925 361 1996 supremo
372 1926 439 1978 suo
457 1925 581 1994 opere,
599 1924 677 1976 sese
694 1905 875 1975 extulerit.
893 1904 989 1973 Dum
1007 1904 1130 1974 caeteri
1147 1904 1298 1993 quidem

188 2021 281 2091 nihil
300 2039 451 2111 prorsus
469 2021 569 2091 aliud
589 2020 789 2104 curabant,
806 2020 877 2089 nisi
895 2019 1060 2101 villulas,
1098 2019 1170 2089 nisi
1188 2039 1299 2090 nurn-

189 2136 309 2205 mulos
334 2153 439 2217 suoS,
466 2134 565 2204 solus
593 2133 672 2224 ipse
695 2135 814 2204 animi
843 2134 1088 2205 constantiam
1121 2152 1298 2223 spemque

189 2248 369 2317 libertatis
395 2249 453 2318 his
471 2250 603 2320 studiis
629 2251 794 2339 erigebat
819 2249 1134 2338 confirmabatque
1157 2270 1165 2317 ε
1189 2256 1301 2339 atque

191 2364 331 2433 interea
358 2364 497 2434 amicos
528 2365 692 2453 epistolis
726 2365 929 2448 refovebat,
957 2384 1115 2456 moxque
1147 2363 1300 2434 Romam

192 2496 380 2564 regressus
396 2477 634 2566 languentem
647 2498 689 2548 ac
702 2479 887 2551 defessum
904 2490 1074 2551 senatum
1091 2479 1302 2570 eloquentia

192 2592 388 2674 excitabat,
411 2593 586 2681 urgebat:
606 2602 722 2664 totam
743 2593 903 2685 denique
921 2596 1020 2665 solus
1033 2595 1303 2683 complecteba-

193 2717 255 2776 tur
272 2707 558 2795 patriam,solus
576 2708 674 2797 leges
691 2708 857 2779 nondum
877 2710 1047 2799 periisse,
1067 2710 1305 2799 aliquamque

193 2841 273 2892 esse
291 2821 418 2911 Remp.
435 2822 695 2892 testabatur·
712 2823 805 2893 Nam
820 2824 975 2895 Brutum
987 2824 1109 2914 ipsum
1125 2824 1305 2895 Cassium-

195 2956 289 3027 que,
310 2946 524 3028 postquam,
540 2937 734 3008 intersecto
753 2936 914 3022 Caesare,
934 2938 1212 3009 multitudinem
1226 2939 1307 3028 jac·

196 3062 272 3123 tato
292 3049 545 3142 nequidquam
562 3051 743 3121 libertatis
761 3052 962 3142 patriaeque
978 3052 1128 3123 nomine
1145 3073 1307 3124 commo-

197 3187 280 3238 vere
309 3177 542 3250 tentassent,
573 3163 761 3237 fastidium
790 3166 976 3256 quoddam
1006 3169 1155 3258 incepti
1185 3169 1307 3259 operis

196 3284 389 3352 invaserat.
411 3280 507 3352 Adeo
528 3281 627 3351 enim
645 3283 757 3363 valet,
772 3283 829 3351 vel
846 3282 944 3372 apud
961 3283 1193 3371 gravissimos
1211 3285 1308 3354 viros

197 3396 392 3467 bominum
409 3395 553 3484 opinio,
572 3404 613 3465 ut
631 3394 688 3462 vix
707 3415 783 3464 suae
805 3395 875 3485 ipsi
893 3396 1145 3477 conscientiae,
1162 3398 1193 3467 si
1208 3399 1308 3485 vulgi

198 3510 381 3580 sententia
398 3519 599 3600 repugnet,
617 3508 800 3580 confidere
818 3511 989 3581 audeant.
1011 3511 1229 3601 coniuratos
1243 3513 1308 3601 igi·

199 3634 273 3708 tur,
293 3644 379 3694 cum
403 3625 479 3715 jam
497 3624 634 3694 civium
658 3623 749 3693 alios
775 3624 918 3694 lacinus
946 3636 1193 3710 exsecrantes,
1218 3627 1309 3697 alios

200 3749 324 3808 nutem
354 3758 391 3808 se
421 3738 521 3808 dorni
552 3739 812 3820 continentes,
845 3739 1102 3829 ignaviamque
1134 3741 1308 3831 speciosis

200 3853 413 3923 nominibus
437 3852 696 3935 defendentes,
725 3854 915 3935 viderent,
943 3854 1043 3942 ipsos
1071 3855 1162 3944 quid
1191 3857 1236 3925 de
1269 3874 1309 3925 se

235 4217 269 4280 (l)
411 4221 443 4268 ibi
458 4221 507 4279 las,
522 4222 563 4269 ubi
575 4224 685 4269 maxima
695 4234 799 4271 merces.
831 4221 962 4284 (Pharo,
973 4223 1002 4281 X,
1018 4226 1085 4279 lus.)
