2984 4750
717 244 909 315 ..30-

261 428 343 497 turi
352 415 539 491 interdum
552 412 714 504 prolecto
726 419 908 502 praecepta
918 410 1085 501 quedam
1098 429 1141 480 ex
1151 409 1376 484 Sanctorum

261 539 413 611 Petrum
422 528 748 621 seriptisexcerpta
761 525 999 597 essedixeris:
1013 525 1374 601 adeonovaillaritae

260 642 679 723 iustitutioacommuni
693 659 839 713 morum
848 639 1376 729 Romanorumasperitatealr

261 760 508 835 tronettttum
522 757 623 829 enim
633 755 731 845 apud
739 775 820 837 eos,
835 755 914 825 viro
923 755 1252 843 flagitiosissimum
1262 757 1376 827 nahe-

260 887 365 949 retur
382 876 534 965 impune
552 870 728 961 injuriam
746 870 950 959 accepisse,
967 868 1096 940 Cicero
1109 880 1239 940 contra
1252 871 1373 940 filium

259 992 386 1075 toret,
406 988 575 1081 quiedam
598 985 718 1058 officia
739 985 796 1054 vel
821 983 994 1055 adversus
1010 986 1097 1068 hos,
1120 986 1295 1075 aquibus
1312 988 1375 1056 iu-

256 1107 355 1199 juria
370 1103 559 1177 lacessitus
572 1101 699 1185 luerit,
717 1119 797 1170 esse
807 1100 1003 1182 servanda3
1021 1100 1222 1170 ulciscendi
1235 1103 1374 1191 quippe

259 1231 298 1297 ct
315 1218 493 1315 puoleudl
512 1216 662 1288 modurn
681 1234 777 1298 esse,
803 1223 840 1285 et
858 1215 1078 1306 plerumque
1096 1216 1184 1286 satis
1204 1236 1284 1286 esse
1307 1217 1375 1286 de-

262 1338 373 1425 luere,
408 1334 440 1407 sl
469 1352 556 1405 curn
583 1331 648 1424 qui
674 1330 891 1413 lacessierit,
917 1329 1063 1419 injuriae
1092 1350 1169 1401 suae
1198 1333 1374 1420 paeniteat

264 1450 278 1541 l
289 1450 325 1535 l,
342 1448 418 1543 ll).
440 1488 472 1501 -
486 1446 601 1537 Atque
616 1446 711 1516 inira
729 1445 840 1536 paulo
856 1446 955 1517 idem
974 1446 1121 1535 adjicit,
1139 1446 1234 1515 nihii
1246 1467 1374 1534 ineque

258 1564 470 1659 atprucluro
486 1562 561 1633 viro
577 1561 722 1649 diqniua
740 1580 811 1631 esse
826 1559 1059 1649 placabilitate
1077 1570 1178 1648 atque
1190 1562 1373 1630 renuntia

263 1676 403 1777 (imo).
421 1677 490 1749 Sed
501 1685 633 1767 preter
646 1675 795 1745 insitam
803 1673 990 1745 Ciceronis
1004 1676 1370 1763 ingeniolenitatem,

262 1802 344 1889 tutti
372 1802 425 1865 tot
455 1790 580 1863 civiles
610 1798 867 1877 tempestates,
894 1790 932 1860 id
961 1808 1047 1861 sane
1074 1791 1199 1860 Romae
1222 1792 1372 1862 evenire

260 1905 662 1993 delineationem
691 1906 829 1977 civium
859 1908 938 1995 ipsa
955 1908 1208 1977 calamitatum
1237 1908 1374 1979 imma-

262 2024 376 2099 nitate
396 2024 507 2093 lractu
527 2020 734 2092 mitesceret
746 2073 756 2102 ,
768 2039 810 2090 ac
826 2020 896 2111 ipsi
915 2021 1064 2092 victoria
1082 2023 1137 2092 uti
1151 2024 1372 2095 clementius

260 2148 299 2211 et
316 2137 421 2209 victis
438 2156 587 2231 parcere
606 2136 802 2206 discerent.

311 2254 423 2325 l’orro
445 2260 483 2323 et
510 2251 680 2343 plurimis
702 2251 784 2320 aliis
810 2250 899 2321 locis
918 2251 1089 2321 eumdem
1116 2252 1237 2321 videas
1258 2271 1372 2341 supra

259 2387 496 2444 ‹mrrrrnunern
519 2367 614 2454 vulgi
631 2365 844 2456 opinionem
862 2385 1064 2454 assurgere.
1081 2367 1255 2454 Quamvis
1268 2388 1370 2438 nem·

262 2503 306 2578 pe
332 2483 487 2578 putrium
512 2491 550 2552 at
577 2481 654 2572 ipse
677 2480 854 2568 singulari
881 2483 1031 2553 caritate
1059 2486 1367 2573 arnplecteretur,

257 2597 386 2674 optule
410 2605 533 2668 tamen
554 2614 619 2686 pro
644 2593 745 2683 Reip.
767 2594 925 2664 utilitate
947 2596 1031 2685 jore
1048 2597 1126 2667 fieri
1147 2596 1267 2691 (quod
1289 2599 1370 2688 ple-

259 2712 366 2804 rique
389 2709 607 2804 volebant),
637 2709 812 2798 negabam
844 2714 1081 2802 angustisque
1107 2715 1185 2803 jam
1214 2714 1293 2783 istis
1324 2734 1368 2783 ac

260 2825 415 2898 minutis
433 2824 594 2910 civibus,
615 2824 678 2914 qui
701 2824 863 2909 nullam,
883 2846 968 2897 cum
988 2829 1032 2898 de
1058 2830 1204 2900 civitate
1231 2850 1368 2901 consu-

261 2941 414 3026 leretur,
422 2938 601 3012 rationem
618 2947 854 3013 externorum
866 2940 1203 3025 haberent,altiora
1216 2963 1368 3032 prorsus

258 3055 443 3148 latiusque
463 3054 621 3146 patentia
635 3054 753 3126 officia
772 3055 951 3145 explicat:
972 3057 1039 3126 lroc
1053 3057 1195 3130 scilicet
1211 3058 1249 3127 in
1267 3059 1368 3148 prin·

256 3170 366 3263 clplis
386 3170 525 3263 posito,
545 3169 719 3242 imminent
745 3170 882 3240 nomini
891 3224 900 3252 ‚
920 3172 1125 3262 quicumque
1146 3173 1213 3254 sit,
1232 3173 1272 3242 oe
1289 3193 1367 3243 eam

255 3286 371 3378 ipram
397 3302 539 3355 cautam
562 3285 654 3374 qood
673 3284 704 3352 is
728 3283 828 3353 homo
847 3287 911 3369 rit,
930 3288 1104 3356 consulere
1124 3287 1264 3356 debere:
1284 3289 1366 3358 uni-

260 3416 407 3471 versum
425 3396 524 3466 enirn
540 3395 721 3468 mundum
735 3417 849 3470 unam
866 3418 945 3470 csse
963 3419 1272 3493 communemque
1288 3422 1366 3473 om·

255 3513 363 3586 nium
395 3510 587 3581 hominum
618 3510 815 3582 civitatem.
839 3512 1095 3600 -Quantum
1133 3515 1171 3584 id
1202 3517 1366 3606 proiecto

262 3626 363 3724 (nisi
380 3625 464 3718 quis
492 3624 659 3715 spurium
678 3625 778 3697 hune
796 3627 918 3700 locum
933 3680 941 3710 ,
959 3630 1055 3717 quod
1086 3631 1195 3700 multi
1215 3632 1364 3714 volunt,

261 3744 299 3814 in
332 3740 520 3812 Ciceronis
547 3739 684 3810 librum
716 3751 840 3832 postea
870 3744 926 3831 pia
951 3743 1077 3813 fraude
1109 3744 1364 3838 inseruerit),

261 3858 399 3930 mirum
420 3864 530 3946 atque
557 3855 765 3926 inauditum
792 3857 996 3930 iis‘mundi
1021 3860 1231 3948 raptoribus
1247 3862 1367 3934 visunt

260 3973 373 4046 luisse
390 3969 583 4062 conjicias,
600 3970 664 4060 qui
681 3980 831 4040 caeteras
857 3980 1001 4059 gentes,
1021 3983 1197 4066 tanquam
1222 3973 1268 4043 ad
1295 3975 1368 4050 sibi

260 4085 493 4160 serviendum
519 4084 627 4156 modo
651 4095 746 4154 natae
766 4094 906 4168 essent,
931 4086 1022 4158 adeo
1043 4088 1239 4160 libidinose
1260 4110 1368 4160 vexa-

263 4202 353 4274 bant
380 4198 707 4287 diripiebantque?
730 4199 931 4270 -Novum
958 4220 1042 4270 vero
1069 4203 1154 4273 inde
1185 4205 1246 4294 jus
1279 4205 1366 4276 belli
