2984 4750
710 263 748 273 ,
777 222 824 294 gg
853 260 894 273 ..

298 372 399 461 Quos
412 372 509 443 inter
524 372 687 443 medium
701 381 821 443 servat
848 339 995 454 Cicero;
1011 372 1224 461 bonumque
1238 370 1363 438 virum

250 487 421 579 ingenuis
450 486 591 557 artibus
622 487 829 577 litterisque
859 486 909 556 ita
941 486 1134 574 indulgere
1159 485 1292 575 jubet,
1320 494 1363 552 nt

250 621 441 695 nunqnam
463 610 585 673 tamen
604 601 760 673 studioa
777 602 886 673 rebus
904 601 1088 691 gerendis,
1107 599 1361 689 augendisque

251 716 446 789 nominum
461 716 680 789 utilitatibus
694 726 887 788 avocetur:
900 735 967 786 nec
982 715 1145 785 Platonis
1157 714 1362 804 sapientem

253 828 401 921 probat,
424 832 550 923 procul
572 831 849 923 apopularibus
868 830 1007 914 turbis,
1028 831 1145 901 otiose
1167 830 1364 919 quiescen-

254 953 340 1017 tem,
367 943 491 1033 «Quis
515 955 570 1017 est
590 957 662 1017 'am
679 946 854 1037 cupidus,
878 947 1001 1036 inquit
1019 998 1029 1028 ,
1050 946 1089 1014 in
1108 942 1365 1034 perspicienda

255 1060 617 1151 »mgnmeendaque
642 1081 768 1133 rerum
796 1072 945 1147 natura,
976 1071 1018 1131 ut
1045 1061 1077 1130 si
1103 1060 1138 1130 ei
1167 1059 1362 1137 tractanti,

256 1204 270 1239 a
294 1175 636 1269 contemplantique
658 1196 716 1247 res
740 1176 950 1265 cognitione
973 1175 1221 1265 dignissimas,
1239 1173 1366 1244 subito

256 1290 343 1365 »sit
372 1292 526 1365 attatum
556 1293 783 1385 periculum,
811 1293 1085 1383 discrimenque
1116 1292 1270 1382 patria,
1302 1290 1366 1360 cui

255 1436 269 1471 ι
295 1404 490 1479 subvenire
505 1409 638 1501 possit,
657 1428 729 1480 non
744 1408 808 1478 illa
826 1408 950 1479 omnia
965 1409 1155 1498 delinquat
1173 1417 1286 1496 atque
1303 1406 1366 1475 ab

257 1556 271 1591 a
291 1525 408 1617 liciat,
428 1528 573 1599 etiamsi
588 1529 822 1599 dinumerare
833 1549 871 1599 se
886 1531 1010 1600 stellas
1020 1510 1219 1598 autmetiri
1235 1527 1368 1595 mundi

256 1670 271 1705 r
296 1642 588 1727 magnitudinem
617 1643 817 1715 arbitretur
839 1641 923 1739 (on.
944 1644 974 1729 l,
990 1642 1063 1739 b3);
1088 1673 1101 1704 »
1124 1644 1167 1712 lu
1182 1643 1252 1712 boc
1270 1661 1369 1731 prae-

256 1755 384 1831 sertim
413 1756 541 1829 Cicero
568 1758 649 1828 ideo
673 1760 818 1829 videtur
839 1759 1038 1841 institisse,
1063 1760 1149 1849 quia
1176 1757 1367 1846 Peripate-

258 1870 357 1955 ticis,
376 1872 473 1963 apud
490 1892 583 1963 quos
598 1872 694 1945 illius
707 1883 786 1943 tum
806 1873 955 1944 Athenis
973 1872 1260 1955 instituebatur,
1284 1889 1367 1938 ma-

258 1984 353 2057 time
368 1985 533 2079 placebat
545 2007 588 2059 ea
608 1987 689 2057 vitae
702 1988 875 2077 degendae
889 1989 984 2059 ratio
1001 1989 1148 2078 quieta,
1175 1987 1215 2059 in
1237 2004 1366 2055 rerum

255 2101 564 2193 mntemptnttone
595 2103 722 2193 posita.
759 2104 921 2173 Marcum
945 2113 1069 2173 autem
1099 2121 1211 2172 suum
1235 2100 1282 2168 ad
1309 2099 1368 2168 la-

256 2233 422 2301 rensem,
439 2235 557 2309 neque
575 2218 622 2289 ad
636 2218 742 2289 istum
759 2218 994 2288 umbratilem
1009 2217 1119 2286 vitam
1138 2212 1364 2291 destinabam

258 2350 377 2422 neque
399 2331 475 2422 ipse
498 2333 598 2424 priua
617 2334 655 2402 in
679 2333 810 2404 studiis
838 2333 1042 2424 acquievit,
1062 2351 1174 2423 quam
1191 2328 1368 2400 omuibus

259 2446 396 2518 muniis
416 2446 611 2520 defunctus
628 2459 747 2532 esset;
769 2449 831 2518 sed
857 2459 894 2520 et
921 2450 986 2519 bas
1004 2457 1101 2518 artes
1120 2457 1201 2518 tum
1219 2444 1367 2535 potissi·

259 2563 538 2648 promanabat,
556 2564 651 2636 unde
670 2565 809 2655 aliquid
830 2566 873 2635 ad
893 2585 1001 2637 usum
1014 2574 1051 2634 et
1068 2564 1150 2633 vitae
1161 2545 1311 2650 agendae
1327 2569 1368 2629 et

258 2678 426 2764 gerendae
442 2677 541 2769 Reip.
565 2689 685 2769 posset
695 2679 881 2752 adhibere.
903 2679 1057 2750 Virtutis
1069 2697 1202 2767 nempe
1216 2675 1366 2748 laudem

257 2809 407 2862 omnem
419 2793 576 2884 ponebat
586 2793 622 2862 in
632 2794 784 2874 activum
800 2793 1091 2883 sapientiamque
1103 2811 1186 2863 eam
1197 2809 1364 2859 mancam

259 2905 530 2998 quodammodo
562 2917 598 2978 et
627 2908 834 2979 inchoatam
865 2908 1071 2999 rejiciebat,
1103 2926 1215 2996 quam
1242 2904 1369 2974 nullus

260 3039 387 3093 rerum
411 3042 497 3094 usus
526 3033 815 3114 consequeretur
847 3024 893 3116 (l,
917 3022 969 3118 6).
1044 3023 1171 3092 Postea
1193 3021 1365 3118 quidem,

259 3155 346 3208 cum
353 3138 430 3227 jam
443 3139 576 3208 amissa
592 3139 761 3208 libertate
772 3138 869 3207 cives
883 3158 904 3205 a
920 3139 998 3209 loro
1013 3136 1243 3227 publicisque
1256 3135 1369 3205 rebus

260 3251 566 3336 excludebantur,
579 3262 668 3323 tunc
681 3253 805 3343 siquis
820 3253 873 3323 vir
891 3252 1010 3323 bonus
1023 3253 1119 3322 intra
1132 3251 1368 3322 conscientiae

259 3386 337 3437 sure
352 3386 536 3438 recessum
554 3368 785 3457 confugeret,
806 3378 916 3459 atque
931 3368 970 3437 in
983 3367 1291 3438 otiosalibrorum
1306 3386 1370 3434 ac·

261 3482 467 3572 quiesceret
477 3482 764 3566 conversatione,
778 3484 856 3574 ipsa
864 3493 1075 3572 temporum
1085 3482 1265 3552 acerbitas
1273 3481 1369 3550 banc

261 3597 455 3686 segnitiem
473 3598 669 3681 tolerabat,
689 3608 754 3668 aut
771 3599 892 3689 plotius
912 3597 1141 3688 imperabat:
1159 3597 1265 3666 Nunc
1284 3616 1370 3666 vero

261 3723 450 3785 strenuam
475 3713 798 3805 bellatoriamque,
818 3735 900 3805 quae
923 3734 961 3784 se
980 3716 1077 3783 ultro
1104 3712 1261 3782 civitatis
1280 3713 1373 3802 peri·

261 3829 355 3901 culis
365 3829 555 3920 objiceret,
568 3831 755 3913 virtutem,
771 3850 941 3922 suprema
950 3831 1013 3899 illa
1022 3828 1373 3900 romanaelibertatis

263 3944 463 4016 certamina
486 3956 574 4016 tunc
595 3946 752 4016 maxime
775 3945 983 4036 poscebant.
1011 3945 1086 4014 Nee
1112 3945 1190 4034 ipse
1209 3963 1373 4033 unquam

264 4061 391 4151 patriae
407 4058 535 4131 Cicero
549 4061 665 4130 deluit
679 4062 850 4151 :abjectis
866 4061 994 4151 procul
1007 4059 1311 4151 philosophorum
1326 4059 1373 4125 li-

263 4175 353 4260 bris,
364 4177 551 4268 siquando
567 4177 788 4266 periclitanti
805 4177 904 4266 Reip.
917 4194 1132 4247 succurrere
1145 4181 1370 4265 opporteret.
