2984 4750
705 234 901 314 ..gg-

248 404 420 476 mestioas
437 404 591 475 virtutes
606 403 730 473 Romae
753 403 955 493 quaesieris,
973 420 1084 493 quam
1105 420 1180 489 eas,
1196 418 1359 493 quarum

250 540 339 592 usus
351 521 390 590 in
406 519 554 610 publico
569 538 648 590 esse
662 529 797 610 posset.

300 635 489 722 Quantum
515 643 638 706 tamen
664 635 854 706 theatralis
875 654 918 705 ea
946 636 1083 721 virtus,
1107 634 1154 705 ad
1171 633 1360 725 publicam

249 756 396 821 tantum
425 750 709 822 ostentationem
735 751 960 840 composita,
988 749 1211 841 Reipublicae
1237 749 1360 838 reipsa

251 866 442 952 profuerit,
456 867 561 938 facile
577 867 764 957 conjicias.
778 865 869 953 Quis
885 866 986 937 enim
1001 866 1095 937 alter
1109 883 1274 956 unquam
1291 883 1361 955 po-

250 982 379 1071 pulus,
407 1001 449 1053 ea
464 982 612 1054 virtutis
630 983 774 1073 specie,
793 982 1056 1073 dignitatisque
1079 981 1185 1072 quasi
1206 980 1362 1051 menda-

250 1098 326 1181 cio,
342 1097 481 1169 diutius
497 1099 711 1169 intestinam
730 1118 879 1171 morum
893 1100 1140 1188 corruptelam
1158 1115 1362 1186 rerumque

250 1211 549 1295 inclinationem,
583 1230 658 1285 non
677 1212 787 1283 modo
805 1211 876 1281 sibi
905 1230 948 1282 ac
977 1211 1119 1282 crateris
1148 1209 1363 1281 bominibus

248 1326 414 1416 operuit,
435 1326 499 1396 sed
513 1327 625 1397 etiam
638 1335 847 1398 remoratus
860 1330 936 1396 esti
961 1325 1053 1395 Nam
1070 1324 1364 1416 perditissimum

249 1459 457 1531 quemque,
473 1441 722 1532 omnibusque
744 1441 846 1512 intus
870 1440 1016 1529 flagitiis
1036 1440 1204 1511 deditum
1220 1438 1362 1522 videas,

250 1554 449 1645 siquando
470 1557 516 1625 ad
548 1555 675 1647 Remp.
696 1555 866 1638 accedat,
892 1556 969 1645 jam
989 1556 1150 1625 alterum
1173 1553 1365 1625 bominem

251 1670 351 1754 lieri3
371 1680 409 1741 et
429 1670 597 1760 quamvis
614 1671 774 1742 honores
796 1671 916 1761 pravis
929 1670 1072 1741 artibus
1095 1678 1362 1759 expugnasset,

251 1786 291 1854 in
316 1786 451 1875 seiam
472 1785 664 1875 antiquam
687 1804 837 1856 morum
857 1784 1089 1856 severitatem
1113 1783 1262 1854 referre.
1287 1782 1365 1853 Nec

252 1900 449 1990 quisquam
473 1898 642 1971 Clodium
667 1900 887 1983 mirabatur,
916 1900 980 1990 qui
1005 1917 1125 1988 nuper
1148 1897 1257 1969 Bonoe
1279 1897 1368 1966 Dete

249 2031 356 2084 sacra
371 2013 580 2099 violaverat,
601 2033 746 2086 summo
765 2034 852 2087 cum
870 2013 992 2086 studio
1005 2014 1045 2083 in
1061 2013 1165 2084 curia
1183 2030 1250 2101 pro
1264 2011 1368 2081 Reli-

253 2130 361 2220 gione
373 2130 633 2215 disserentem3
651 2130 909 2203 Sallustiumve
921 2130 966 2203 de
980 2130 1125 2202 luxuria
1144 2128 1242 2199 band
1258 2129 1370 2198 aliter

252 2265 295 2316 ac
309 2244 506 2329 Catonem,
522 2246 639 2317 multa
653 2255 955 2338 conquerentem.
972 2244 1020 2316 Ea
1034 2245 1173 2335 quippe
1185 2252 1265 2314 erat
1275 2250 1370 2314 tunc

253 2360 534 2432 consuetudinis
542 2361 714 2453 visatque
727 2362 942 2446 auctoritas,
959 2370 1000 2434 ut
1013 2359 1252 2449 magistratus
1265 2359 1372 2452 quis-

253 2493 340 2565 que,
350 2476 477 2546 sellam
494 2496 538 2547 ac
551 2476 714 2547 tribunal
733 2475 1169 2565 conscendend0,dignos
1184 2476 1370 2567 majorum

253 2588 407 2679 spiritus
420 2590 530 2661 simul
544 2590 739 2681 concipere
756 2592 943 2664 videretur
958 2614 967 2662 ε
982 2593 1160 2665 continno
1178 2611 1265 2662 sane
1279 2590 1371 2662 sub-

254 2705 332 2777 ibat
351 2706 519 2777 animum
545 2715 602 2780 tot
628 2727 754 2779 rerum
779 2711 925 2798 egregie
950 2717 1137 2798 gestarum
1159 2730 1181 2779 a
1203 2707 1372 2798 patribus

255 2822 455 2905 memoria,
468 2822 662 2913 gentisque
674 2824 861 2913 splendor,
879 2833 1054 2915 tantaque
1071 2824 1196 2912 gloriae
1213 2823 1373 2893 neredi-

255 2943 325 3019 tas,
339 2955 451 3026 qnam
466 2937 544 3028 ipse
557 2938 684 3011 liberis
696 2940 774 3011 suis
786 2941 969 3029 integram
982 2939 1192 3030 relinquere
1205 2938 1368 3008 deberet:

257 3051 425 3137 Quin,de
433 3054 560 3143 patriae
570 3055 762 3145 majestate
772 3056 803 3126 si
812 3056 961 3145 quando
970 3055 1239 3137 consuleretur,
1248 3052 1371 3122 Fabri·

257 3165 306 3235 cii
318 3174 485 3257 tempora
499 3169 847 3241 interdumrediisse
859 3169 1207 3257 dixisses-Neque
1215 3166 1253 3236 id
1262 3166 1371 3256 equi-

257 3279 343 3350 dem
362 3281 587 3371 improbem,
609 3284 709 3375 quod
736 3285 867 3369 bomo,
898 3285 937 3354 in
968 3302 1123 3356 suorum
1146 3288 1365 3371 conspectu,

258 3395 311 3466 sic
326 3396 458 3466 melior
471 3415 509 3466 se
529 3416 607 3468 esse
625 3398 723 3472 velit.
741 3399 892 3471 Publica
906 3418 993 3469 nam
1013 3398 1076 3468 illa
1087 3397 1204 3467 virtus
1218 3394 1371 3486 privatis

259 3510 407 3599 flagitiis
424 3511 488 3582 diu
509 3511 666 3610 obstitit,
689 3533 736 3584 ne
753 3515 792 3585 in
810 3515 968 3586 civitatis
984 3513 1133 3583 ruinam
1149 3528 1371 3601 prorumpe-

259 3634 353 3697 rent.
373 3625 480 3712 Quod
498 3628 585 3698 satis
599 3648 655 3714 aa,
675 3649 759 3720 quae
783 3639 907 3700 secuta
932 3637 1038 3712 sunt,
1062 3613 1333 3698 manifestumi
1353 3662 1372 3675 -

260 3761 355 3813 cere.
374 3740 444 3820 Ubi
459 3761 591 3835 nempe
609 3745 706 3815 cives
722 3765 744 3813 a
765 3744 878 3815 rebus
896 3743 1066 3834 gerendis
1078 3750 1116 3812 et
1133 3740 1279 3831 publica
1297 3740 1372 3809 vir-

260 3867 340 3930 tute
370 3857 408 3929 C.
429 3859 613 3949 Augustus
630 3859 900 3952 prohibuisset,
923 3869 1074 3931 caeteras
1105 3856 1214 3928 simul
1243 3873 1376 3925 omnes

261 3973 480 4048 domesticas
505 3976 658 4047 virtu-tes
676 3995 751 4046 una
769 3976 921 4067 periisse
941 3976 1136 4046 existimes.
1159 3971 1375 4059 Cunctaque

262 4089 332 4161 sub
353 4090 485 4162 decora
511 4092 631 4182 specie
650 4091 752 4162 intus
770 4092 862 4165 adeo
883 4097 1166 4171 consenuerant,
1187 4096 1229 4159 ut
1252 4085 1377 4155 omnis

259 4206 337 4294 jam
372 4205 472 4295 Reip.
498 4207 633 4291 moles,
662 4226 748 4278 cum
776 4208 846 4279 ista
878 4206 1061 4297 majorum
1096 4203 1264 4274 instituta
1295 4200 1378 4269 dic-
