2984 4750
626 229 814 303 -33-

169 391 426 473 tantummodo
444 393 542 482 qood
558 394 598 464 in
615 394 662 464 iis
675 396 881 468 humanum
893 406 961 480 est,
983 409 1280 492 praesentemque

169 509 282 583 vitam
295 516 455 592 tantum,
467 517 509 579 ut
526 508 667 594 Cicero,
681 512 903 603 respiciebat
917 536 929 612 :¹
943 515 1007 584 sed
1021 515 1278 588 sublimiorem

169 623 368 713 quamdam
391 622 587 713 hominum
607 646 693 697 oum
717 627 794 700 Deo
817 630 971 701 rationis
988 631 1219 718 societatem,
1238 644 1277 711 et

168 757 251 829 quae
265 747 347 828 post
359 748 518 813 mortem
528 742 652 813 lutura
663 752 800 829 essent,
811 745 940 816 animo·
946 746 1273 837 complectebatur,

169 855 267 958 unde
285 873 378 924 nova
395 855 502 945 quasi
517 855 600 928 luce
616 876 767 929 omnem
782 860 865 929 vitae
882 860 979 931 viam
999 860 1221 947 illustraret,
1238 873 1278 932 et

169 971 375 1043 officiorum
390 971 661 1057 institutionem
673 972 837 1055 firmiore
856 976 1002 1046 fulciret
1019 976 1272 1053 fundamento.

170 1086 472 1158 Atdiversissima
486 1087 568 1157 vitae
584 1088 694 1160 iacies
710 1089 799 1179 erit,
815 1091 890 1161 sive
907 1091 1031 1175 bomo,
1049 1092 1200 1162 fortuito
1217 1111 1277 1161 sa-

169 1210 241 1289 tus,
252 1201 527 1293 diuinaqueope
537 1201 754 1290 destitutus,
767 1214 962 1295 postquam
975 1225 1104 1276 omnes
1112 1206 1277 1274 exantla-

168 1317 263 1387 verit
280 1317 443 1402 labores,
465 1318 518 1387 nil
536 1328 618 1408 post
635 1329 794 1390 mortem
806 1322 884 1410 jam
903 1339 1049 1410 sperare
1067 1329 1276 1391 metuereve

169 1429 316 1513 debeat;
332 1449 397 1500 seu
407 1440 534 1500 contra
548 1440 688 1502 arctam
702 1431 773 1501 sibi
786 1452 872 1503 cum
886 1433 963 1505 Deo
976 1434 1274 1524 conjunctionem

169 1564 247 1619 esse
273 1545 305 1615 is
334 1545 555 1634 crediderit,
584 1555 843 1648 terrenamque
867 1550 963 1635 hanc
987 1549 1103 1638 vitam,
1126 1549 1275 1637 brevem

168 1661 426 1735 tantummodo
451 1682 537 1733 esse
559 1683 579 1731 a
598 1663 692 1733 coelo
720 1649 1081 1753 peregrinationem,
1104 1675 1144 1735 et
1170 1667 1280 1756 quasi·

167 1777 521 1847 commentationem
532 1776 832 1849 immortalitatis.
846 1779 926 1866 Qua
936 1780 975 1849 in
990 1780 1165 1870 opinione
1173 1799 1274 1849 nun-

166 1910 278 1982 quarn
305 1891 463 1962 variasse
496 1892 641 1962 videtur
673 1892 863 1964 Socrates:
890 1895 1049 1984 «Neque
1076 1904 1158 1965 tum
1180 1895 1272 1979 hoc,

168 2035 184 2080 a
203 2016 284 2076 tum
294 2006 399 2090 illud,
411 2007 475 2077 sed
488 2007 588 2078 idem
599 2007 744 2079 dicebat
753 2028 911 2099 semper,
924 2010 1068 2080 animos
1080 2009 1275 2081 hominum

170 2153 182 2185 ι
201 2140 280 2192 esse
297 2121 457 2206 divinos;
477 2122 613 2213 iisque,
633 2142 755 2195 cume
772 2144 926 2216 corpore
942 2125 1199 2211 excessissent,
1214 2144 1276 2194 re-

168 2269 181 2301 »
202 2237 322 2307 ditum
339 2237 378 2306 in
398 2238 492 2308 coelo
511 2247 657 2329 patere3
686 2240 900 2331 optimoque
917 2250 955 2310 et
973 2240 1179 2330 justissimo
1196 2242 1277 2326 cub-

170 2382 186 2432 »,
205 2372 278 2443 que
295 2352 610 2444 expeditissimum
631 2351 738 2449 (Cic,
754 2354 797 2423 de
817 2354 1054 2450 Amic.‚l1).„».

216 2466 330 2538 Stoici
346 2487 433 2538 vero
440 2468 549 2558 illam>
561 2468 756 2556 homiuum
769 2488 855 2540 cum
868 2470 946 2541 Diis
955 2471 1280 2559 communitatem,

168 2582 280 2659 verbo
302 2583 453 2674 quidem
473 2593 589 2660 tenus,
603 2592 806 2669 serratam,
826 2603 874 2660 re.
889 2594 1021 2672 autem
1035 2584 1289 2670 dirimebant..

169 2695 454 2783 Quamvisenim
466 2699 583 2770 multa
596 2700 641 2769 de
654 2697 815 2776 Deorum
823 2709 954 2771 natura
965 2700 1207 2792 disputarent,
1223 2699 1284 2776 dt.

169 2811 365 2904 vinamque
382 2813 652 2905 providentiam
666 2814 853 2887 subtiliter
864 2815 1116 2902 defenderent,
1125 2816 1179 2886 nil
1191 2815 1277 2886 inde

170 2927 215 3011 ad
231 2946 341 3000 usum
351 2929 509 3020 vitaeque
522 2929 794 3004 institutionem
809 2930 1039 3019 referebant:
1053 2932 1224 3021 Deusque
1233 2950 1277 3001 ex

169 3053 246 3116 tota
269 3063 399 3115 eorum
419 3045 555 3118 morali
577 3046 807 3137 philosophia
821 3045 977 3117 tollitur
1002 3045 1207 3126 demerito
1232 3045 1278 3115 de

171 3157 297 3229 otiosis
314 3159 624 3252 disputationibus
641 3160 675 3232 S
695 3161 833 3231 Paulus
851 3169 997 3249 postea,
1022 3178 1108 3230 cum
1122 3159 1276 3230 Romam

170 3272 349 3358 venisset,
366 3275 489 3347 dicere
506 3276 649 3366 potuit,
662 3290 726 3345 eos
739 3274 992 3366 nequidquam
1009 3276 1128 3345 Deum
1139 3293 1277 3363 cogno-

103 3429 112 3440 ι
170 3388 277 3473 visse,
297 3389 356 3460 oui
376 3389 479 3459 nulla
492 3388 751 3463 offic1adeben
768 3389 1054 3473 arbitrarentur;
1075 3390 1282 3481 suisquein,

171 3503 467 3592 cogitationibus,
479 3504 594 3586 animi
607 3515 786 3595 tanquam
797 3504 1180 3588 tenebrisoccaecatos,
1199 3523 1279 3575 eva
1282 3571 1286 3575 .

171 3619 348 3712 puisse(l
349 3617 443 3714 ).-
400 3618 553 3706 -Quin
571 3619 681 3692 istam
694 3619 749 3690 de
759 3620 841 3690 Diis
861 3617 1155 3693 dubitationem
1144 3638 1185 3688 1n
1202 3619 1280 3691 dies

171 3735 370 3826 hucusque
379 3735 536 3823 creuisse
565 3735 709 3817 dixeris
729 3735 813 3805 Jam
827 3733 1078 3817 Ciceronem
1067 3753 1207 3825 ipsum,
1239 3735 1279 3804 in

171 3851 247 3940 suis
265 3851 310 3933 de
336 3852 474 3922 Natura
489 3851 651 3932 Deorum
671 3850 806 3942 libris,
818 3849 941 3933 videas
960 3850 1064 3934 licet,
1084 3843 1287 3942 postquam

170 3966 210 4056 ip
233 3974 430 4057 utramque
458 3976 601 4058 partem
630 3984 779 4037 causam
803 3964 1010 4037 academice
1040 3964 1175 4048 oravit,
1195 3972 1281 4033 tan-

201 4216 293 4304 (05⁹⁹
309 4217 340 4267 ad
350 4217 465 4292 Rom.,l,
476 4223 515 4288 tl,
