2984 4750
146 428 238 501 tunc
256 431 406 500 demum
432 441 469 499 et
496 430 578 510 ille,
607 429 670 518 qui
695 427 733 496 in
754 426 855 515 Reip.
876 426 998 494 locum
1017 411 1255 504 successerit,

145 547 269 617 Caesar
283 565 390 617 novae
411 542 601 634 religionis
615 545 712 613 Deus
729 541 936 611 habebitur.

201 662 281 733 Uno
299 662 432 745 verbo,
454 678 598 750 semper
623 660 747 730 Romae
765 658 877 728 decus
899 676 941 726 ac
958 656 1112 726 felicitas
1130 676 1260 746 suprea
1312 664 1317 683 '

151 792 253 849 mum
263 778 370 860 illud,
386 778 485 866 quod
499 775 640 845 civibus
654 782 933 863 proponeretur,
947 771 1086 841 bonnm
1100 790 1179 842 esse
1192 772 1261 840 ho-

147 903 371 983 nestumque
392 892 564 962 Romanis
575 892 693 961 visum
711 899 778 958 est.
797 889 865 958 Sed
879 887 1057 958 Tullianis
1077 887 1277 989 imprimis

150 1008 401 1098 temporibus,
432 1007 522 1096 quid
544 1007 695 1087 mirum,
721 1006 752 1075 si
769 1015 870 1074 tanta
883 1024 924 1073 ea
948 1005 1076 1074 civitas
1097 1004 1261 1092 adeoque

152 1123 356 1214 splendida,
368 1132 405 1194 et
417 1133 517 1192 tanta
534 1122 641 1191 laude
652 1121 840 1192 cumulata
859 1119 1000 1190 civibus
1016 1120 1092 1189 suis
1106 1119 1184 1208 jam
1196 1137 1262 1207 pro

147 1239 296 1309 caeteris
313 1238 486 1309 omnibus
502 1237 614 1307 rebus
633 1236 769 1306 luerit?
787 1236 964 1322 Quaenam
982 1244 1063 1304 tum
1076 1234 1263 1324 pulchrior

149 1352 299 1423 'virtutis
318 1371 459 1421 merces
474 1371 555 1420 esso
576 1350 718 1439 potuit,
738 1362 848 1438 qnam
868 1349 929 1417 illa
947 1349 1061 1419 totius
1083 1348 1260 1431 civitatis,

147 1478 217 1537 aut
230 1468 352 1557 potius
369 1468 520 1548 mundi,
545 1466 780 1557 approbatio,
801 1474 929 1554 totque
947 1466 1131 1534 bonorum
1145 1465 1265 1554 splen-

151 1584 241 1665 dor,
265 1584 397 1672 quibns
422 1582 751 1670 praestantissimus
777 1581 932 1669 quisque
959 1585 1180 1668 augeretur?
1202 1590 1266 1650 aut

149 1699 237 1788 quis
250 1700 327 1787 jam
343 1699 498 1767 alteram
517 1698 632 1765 vitam
651 1697 913 1777 desiderasset,
929 1715 1046 1785 quum
1064 1695 1122 1765 sui
1137 1696 1267 1764 saltem

150 1814 315 1884 nominis
332 1813 479 1883 laudem
499 1814 537 1881 iri
552 1812 670 1901 gentis
688 1832 763 1882 suae
778 1812 1061 1901 perpetuitatem
1078 1811 1267 1880 aeternita-

154 1939 305 2017 temque
331 1926 454 1998 Romre
472 1946 554 2018 spes
579 1937 675 1998 esset
693 1926 940 2017 prorogandi?
957 1926 1090 2012 Quaeve
1116 1946 1267 2016 prorsus

149 2043 270 2113 altera
290 2042 367 2132 jam
385 2043 595 2114 animorum
619 2043 878 2112 immortalitas
899 2043 1019 2131 potuit
1041 2032 1265 2131 excogitari,

150 2177 238 2247 qnae
247 2158 543 2246 magnificentius
557 2156 1268 2247 omniumresponderctexspeetationi‘l

205 2271 297 2343 Cum
314 2274 430 2362 igitur
448 2273 629 2364 quidquid
645 2274 824 2344 virtutum
845 2274 970 2344 Romae
998 2282 1210 2373 supererat,
1227 2275 1267 2342 in

154 2409 237 2459 eam
257 2389 384 2479 patriae
407 2390 598 2461 caritatem
623 2389 817 2461 defluxisse
845 2391 1053 2472 videretur,
1081 2389 1268 2462 Ciceronis

156 2513 257 2586 erat,
285 2505 411 2594 patriae
431 2506 547 2594 ipsius
564 2506 827 2588 amantissimi,
843 2525 924 2575 eam
943 2505 1045 2595 Reip.
1068 2506 1267 2576 utilitatem

157 2638 268 2709 supra
289 2622 413 2690 omnia
434 2621 594 2708 erigere,
621 2622 828 2691 secundum
846 2641 959 2711 quam
983 2621 1125 2708 singula
1152 2623 1189 2691 in
1211 2643 1267 2692 or-

155 2735 244 2805 dine
262 2735 382 2805 officia
395 2736 492 2805 infra
501 2746 752 2825 componeret.
774 2735 952 2826 Suprema
968 2755 1055 2823 ergo
1072 2737 1167 2827 apud
1181 2758 1267 2808 eum

157 2870 202 2919 ea
216 2851 347 2937 agendi
364 2851 419 2920 lex
435 2861 514 2921 est:
542 2852 762 2941 quandoque
775 2853 853 2940 jam
871 2852 915 2920 de
932 2851 1089 2921 civitatis
1102 2873 1266 2924 commo-

158 2965 216 3035 dis
231 2965 372 3052 agitur‚
399 2976 531 3036 caetera
543 2967 669 3036 omnia
685 2966 934 3054 posthabenda
950 2966 1049 3036 idem
1068 2967 1269 3039 arbitratur

164 3078 324 3175 (Ill,6),
341 3082 448 3151 velet
465 3079 659 3171 ipsamfilii
677 3081 714 3150 in
733 3090 924 3171 parentem
936 3082 1120 3171 pietatem.
1143 3119 1154 3146 a
1173 3083 1269 3169 Quid

164 3243 175 3255 „
203 3195 324 3278 enim,
353 3195 495 3286 inquit,
520 3197 550 3265 si
575 3197 808 3286 tyrannidem
831 3217 1031 3286 occupare.
1057 3198 1087 3267 si
1111 3201 1267 3288 patriam

163 3340 178 3374 ι
205 3309 360 3400 prodere
377 3311 575 3381 conabitur
600 3316 724 3401 pater?
749 3311 918 3381 silebitne
935 3312 1059 3382 iilius?
1082 3313 1158 3384 imo
1184 3336 1269 3386 vero

165 3457 177 3487 ι
203 3426 411 3497 obsecrabit
435 3437 599 3518 patrem,
625 3448 672 3497 ne
698 3428 734 3497 id
761 3429 880 3498 faciat.
911 3427 947 3498 Si
967 3429 1059 3497 nihil
1081 3431 1267 3518 proficiat,

162 3572 177 3604 ι
204 3541 409 3624 accusabit,
426 3543 628 3614 minabitur
640 3544 770 3627 etiam;
786 3544 831 3614 ad
843 3554 1068 3626 extremum,
1086 3545 1117 3614 si
1130 3547 1175 3614 ad
1191 3567 1270 3637 per-

161 3687 176 3721 »
202 3657 337 3727 niciem
365 3659 492 3747 patriae
518 3679 577 3728 res
603 3661 801 3749 spectabit,
831 3662 956 3751 patriae
983 3660 1140 3730 salutem
1165 3674 1271 3733 ante-

164 3804 176 3834 »
205 3783 316 3862 ponet
330 3775 439 3844 saluti
454 3774 568 3863 patris
589 3772 687 3869 (ill,
708 3774 790 3870 23).
810 3807 821 3837 »
849 3776 962 3846 Totus
979 3776 1038 3845 hic
1057 3777 1161 3847 locus
1178 3778 1271 3847 Bru-

165 3888 266 3959 tinus
281 3899 350 3971 est,
368 3889 608 3980 Romanoque
627 3890 776 3961 homine
790 3891 934 3980 dignus.
953 3891 996 3960 At
1016 3892 1167 3980 plurimi
1183 3914 1272 3981 prae-

162 4006 264 4068 terea
289 4000 352 4068 alii
372 4001 444 4071 loci
471 4012 694 4085 occurrunt,
722 4002 786 4071 nbi
808 4003 847 4072 in
866 4004 1099 4073 teterrimum
1121 4002 1273 4075 Caesaris

158 4116 373 4204 exemplum
392 4116 581 4188 invehitur
599 4115 667 4205 (ll,
688 4120 759 4189 7-
779 4114 846 4201 lll,
859 4117 943 4213 il),
964 4138 1167 4209 necemque
1185 4141 1272 4211 pro-·

161 4230 243 4312 bat,
259 4232 526 4321 exterritosque
541 4233 701 4303 facinore
718 4233 972 4304 interfectores
988 4234 1117 4323 erigit,
1137 4236 1273 4306 conbrss
