<?xml version="1.0" encoding="UTF-8"?>
<!DOCTYPE html PUBLIC "-//W3C//DTD XHTML 1.0 Transitional//EN"
    "http://www.w3.org/TR/xhtml1/DTD/xhtml1-transitional.dtd">
<html xmlns="http://www.w3.org/1999/xhtml" xml:lang="en" lang="en">
 <head>
  <title>
</title>
<meta http-equiv="Content-Type" content="text/html;charset=utf-8" />
  <meta name='ocr-system' content='tesseract 3.04.00' />
  <meta name='ocr-capabilities' content='ocr_page ocr_carea ocr_par ocr_line ocrx_word'/>
</head>
<body>
  <div class='ocr_page' id='page_1' title='image "./historicademtci00benogoog_0054.png"; bbox 0 0 2984 4750; ppageno 0'>
   <div class='ocr_carea' id='block_1_1' title="bbox 676 168 868 245">
    <p class='ocr_par' dir='ltr' id='par_1_1' title="bbox 676 168 868 245">
     <span class='ocr_line' id='line_1_1' title="bbox 676 168 868 245; baseline 0 -24"><span class='ocrx_word' id='word_1_1' title='bbox 676 168 868 245; x_wconf 79' lang='lat' dir='ltr'><strong>—3h-</strong></span> 
     </span>
    </p>
   </div>
   <div class='ocr_carea' id='block_1_2' title="bbox 209 334 1327 4219">
    <p class='ocr_par' dir='ltr' id='par_1_2' title="bbox 210 334 1327 771">
     <span class='ocr_line' id='line_1_2' title="bbox 210 334 1327 427; baseline 0.003 -22"><span class='ocrx_word' id='word_1_2' title='bbox 210 334 288 423; x_wconf 87' lang='lat' dir='ltr'><strong>jam</strong></span> <span class='ocrx_word' id='word_1_3' title='bbox 305 334 510 405; x_wconf 78' lang='lat' dir='ltr'>admiratur</span> <span class='ocrx_word' id='word_1_4' title='bbox 525 388 535 417; x_wconf 90' lang='lat'><strong>,</strong></span> <span class='ocrx_word' id='word_1_5' title='bbox 553 335 687 404; x_wconf 89' lang='lat' dir='ltr'><strong>malam</strong></span> <span class='ocrx_word' id='word_1_6' title='bbox 715 334 814 405; x_wconf 91' lang='lat' dir='ltr'><strong>ultro</strong></span> <span class='ocrx_word' id='word_1_7' title='bbox 839 334 1026 405; x_wconf 75' lang='lat' dir='ltr'><strong>fortunam</strong></span> <span class='ocrx_word' id='word_1_8' title='bbox 1046 336 1163 425; x_wconf 88' lang='lat' dir='ltr'><strong>ipsius</strong></span> <span class='ocrx_word' id='word_1_9' title='bbox 1192 355 1327 427; x_wconf 85' lang='lat' dir='ltr'><strong>provo-</strong></span> 
     </span>
     <span class='ocr_line' id='line_1_3' title="bbox 212 447 1323 539; baseline 0.001 -18"><span class='ocrx_word' id='word_1_10' title='bbox 212 450 343 522; x_wconf 86' lang='lat' dir='ltr'><strong>cantis.</strong></span> <span class='ocrx_word' id='word_1_11' title='bbox 364 447 434 519; x_wconf 90' lang='lat' dir='ltr'><strong>Sed</strong></span> <span class='ocrx_word' id='word_1_12' title='bbox 456 448 611 520; x_wconf 87' lang='lat' dir='ltr'><strong>lurentis</strong></span> <span class='ocrx_word' id='word_1_13' title='bbox 628 467 708 520; x_wconf 91' lang='lat' dir='ltr'><strong>esse</strong></span> <span class='ocrx_word' id='word_1_14' title='bbox 728 447 935 532; x_wconf 80' lang='lat' dir='ltr'><strong>existimat,</strong></span> <span class='ocrx_word' id='word_1_15' title='bbox 956 458 1120 535; x_wconf 80' lang='lat' dir='ltr'><strong>egestate</strong></span> <span class='ocrx_word' id='word_1_16' title='bbox 1137 451 1323 539; x_wconf 80' lang='lat' dir='ltr'><strong>gaudere,</strong></span> 
     </span>
     <span class='ocr_line' id='line_1_4' title="bbox 212 563 1326 658; baseline 0.003 -22"><span class='ocrx_word' id='word_1_17' title='bbox 212 573 277 636; x_wconf 91' lang='lat' dir='ltr'><strong>aut</strong></span> <span class='ocrx_word' id='word_1_18' title='bbox 293 563 546 656; x_wconf 85' lang='lat' dir='ltr'><strong>intranquille</strong></span> <span class='ocrx_word' id='word_1_19' title='bbox 561 564 753 634; x_wconf 86' lang='lat' dir='ltr'><strong>adversam</strong></span> <span class='ocrx_word' id='word_1_20' title='bbox 770 571 1028 654; x_wconf 81' lang='lat' dir='ltr'><strong>tempestatem</strong></span> <span class='ocrx_word' id='word_1_21' title='bbox 1046 574 1189 656; x_wconf 88' lang='lat' dir='ltr'><strong>optare,</strong></span> <span class='ocrx_word' id='word_1_22' title='bbox 1211 585 1326 658; x_wconf 86' lang='lat' dir='ltr'><strong>seque</strong></span> 
     </span>
     <span class='ocr_line' id='line_1_5' title="bbox 212 677 1134 771; baseline 0.002 -22"><span class='ocrx_word' id='word_1_23' title='bbox 212 679 345 750; x_wconf 76' lang='lat' dir='ltr'><strong>offerre</strong></span> <span class='ocrx_word' id='word_1_24' title='bbox 363 677 554 768; x_wconf 87' lang='lat' dir='ltr'><strong>periculis,</strong></span> <span class='ocrx_word' id='word_1_25' title='bbox 575 677 712 771; x_wconf 92' lang='lat' dir='ltr'><strong>quibus</strong></span> <span class='ocrx_word' id='word_1_26' title='bbox 728 677 926 750; x_wconf 88' lang='lat' dir='ltr'><strong>subvenire</strong></span> <span class='ocrx_word' id='word_1_27' title='bbox 941 678 1134 768; x_wconf 78' lang='lat' dir='ltr'><strong>potuisset</strong></span> 
     </span>
    </p>

    <p class='ocr_par' dir='ltr' id='par_1_3' title="bbox 209 792 1325 2276">
     <span class='ocr_line' id='line_1_6' title="bbox 264 792 1325 884; baseline 0.003 -21"><span class='ocrx_word' id='word_1_28' title='bbox 264 792 322 863; x_wconf 88' lang='lat' dir='ltr'><strong>tv.</strong></span> <span class='ocrx_word' id='word_1_29' title='bbox 343 792 604 864; x_wconf 77' lang='lat' dir='ltr'><strong>Terrnnsnrrs.</strong></span> <span class='ocrx_word' id='word_1_30' title='bbox 625 830 667 839; x_wconf 96' lang='lat'>—</span> <span class='ocrx_word' id='word_1_31' title='bbox 688 793 730 862; x_wconf 90' lang='lat' dir='ltr'><strong>lu</strong></span> <span class='ocrx_word' id='word_1_32' title='bbox 746 794 1011 883; x_wconf 82' lang='lat' dir='ltr'><strong>componendis</strong></span> <span class='ocrx_word' id='word_1_33' title='bbox 1026 795 1124 865; x_wconf 91' lang='lat' dir='ltr'><strong>inter</strong></span> <span class='ocrx_word' id='word_1_34' title='bbox 1141 815 1181 866; x_wconf 90' lang='lat' dir='ltr'><strong>se</strong></span> <span class='ocrx_word' id='word_1_35' title='bbox 1194 796 1325 884; x_wconf 82' lang='lat' dir='ltr'><strong>singu-</strong></span> 
     </span>
     <span class='ocr_line' id='line_1_7' title="bbox 211 907 1324 999; baseline 0.004 -22"><span class='ocrx_word' id='word_1_36' title='bbox 211 908 257 979; x_wconf 91' lang='lat' dir='ltr'><strong>lis</strong></span> <span class='ocrx_word' id='word_1_37' title='bbox 272 927 364 999; x_wconf 85' lang='lat' dir='ltr'><strong>quas</strong></span> <span class='ocrx_word' id='word_1_38' title='bbox 379 907 540 979; x_wconf 91' lang='lat' dir='ltr'><strong>hominis</strong></span> <span class='ocrx_word' id='word_1_39' title='bbox 551 917 683 979; x_wconf 89' lang='lat' dir='ltr'><strong>natura</strong></span> <span class='ocrx_word' id='word_1_40' title='bbox 699 908 957 999; x_wconf 86' lang='lat' dir='ltr'><strong>complectitur</strong></span> <span class='ocrx_word' id='word_1_41' title='bbox 975 909 1159 998; x_wconf 89' lang='lat' dir='ltr'><strong>partibus,</strong></span> <span class='ocrx_word' id='word_1_42' title='bbox 1178 911 1324 982; x_wconf 88' lang='lat' dir='ltr'><strong>ordine-</strong></span> 
     </span>
     <span class='ocr_line' id='line_1_8' title="bbox 210 1023 1323 1117; baseline 0.001 -22"><span class='ocrx_word' id='word_1_43' title='bbox 210 1043 283 1115; x_wconf 90' lang='lat' dir='ltr'><strong>que</strong></span> <span class='ocrx_word' id='word_1_44' title='bbox 300 1023 548 1107; x_wconf 81' lang='lat' dir='ltr'><strong>moderandis,</strong></span> <span class='ocrx_word' id='word_1_45' title='bbox 566 1043 609 1094; x_wconf 88' lang='lat' dir='ltr'><strong>ea</strong></span> <span class='ocrx_word' id='word_1_46' title='bbox 622 1024 867 1113; x_wconf 81' lang='lat' dir='ltr'><strong>Temperantia</strong></span> <span class='ocrx_word' id='word_1_47' title='bbox 881 1033 1048 1115; x_wconf 90' lang='lat' dir='ltr'><strong>apparet,</strong></span> <span class='ocrx_word' id='word_1_48' title='bbox 1060 1025 1209 1097; x_wconf 87' lang='lat' dir='ltr'><strong>virtutis</strong></span> <span class='ocrx_word' id='word_1_49' title='bbox 1218 1028 1323 1117; x_wconf 88' lang='lat' dir='ltr'><strong>quasi</strong></span> 
     </span>
     <span class='ocr_line' id='line_1_9' title="bbox 213 1137 1325 1231; baseline 0.005 -26"><span class='ocrx_word' id='word_1_50' title='bbox 213 1146 433 1210; x_wconf 79' lang='lat' dir='ltr'><strong>venustaret</strong></span> <span class='ocrx_word' id='word_1_51' title='bbox 450 1137 698 1228; x_wconf 88' lang='lat' dir='ltr'><strong>pulchritudo.</strong></span> <span class='ocrx_word' id='word_1_52' title='bbox 724 1138 834 1222; x_wconf 87' lang='lat' dir='ltr'><strong>Nam,</strong></span> <span class='ocrx_word' id='word_1_53' title='bbox 855 1158 942 1210; x_wconf 92' lang='lat' dir='ltr'><strong>cum</strong></span> <span class='ocrx_word' id='word_1_54' title='bbox 960 1139 1104 1231; x_wconf 86' lang='lat' dir='ltr'><strong>priores</strong></span> <span class='ocrx_word' id='word_1_55' title='bbox 1118 1138 1234 1211; x_wconf 87' lang='lat' dir='ltr'><strong>Stoici</strong></span> <span class='ocrx_word' id='word_1_56' title='bbox 1249 1161 1325 1211; x_wconf 82' lang='lat' dir='ltr'><strong>cae-</strong></span> 
     </span>
     <span class='ocr_line' id='line_1_10' title="bbox 212 1253 1324 1337; baseline 0.001 -12"><span class='ocrx_word' id='word_1_57' title='bbox 212 1264 310 1325; x_wconf 87' lang='lat' dir='ltr'><strong>teres</strong></span> <span class='ocrx_word' id='word_1_58' title='bbox 336 1253 451 1324; x_wconf 89' lang='lat' dir='ltr'><strong>animi</strong></span> <span class='ocrx_word' id='word_1_59' title='bbox 480 1253 632 1325; x_wconf 82' lang='lat' dir='ltr'><strong>affectus</strong></span> <span class='ocrx_word' id='word_1_60' title='bbox 659 1271 733 1323; x_wconf 91' lang='lat' dir='ltr'><strong>non</strong></span> <span class='ocrx_word' id='word_1_61' title='bbox 759 1253 872 1324; x_wconf 92' lang='lat' dir='ltr'><strong>modo</strong></span> <span class='ocrx_word' id='word_1_62' title='bbox 900 1254 1054 1337; x_wconf 88' lang='lat' dir='ltr'><strong>sedare,</strong></span> <span class='ocrx_word' id='word_1_63' title='bbox 1085 1254 1151 1326; x_wconf 89' lang='lat' dir='ltr'><strong>sed</strong></span> <span class='ocrx_word' id='word_1_64' title='bbox 1167 1259 1324 1327; x_wconf 91' lang='lat' dir='ltr'><strong>omnino</strong></span> 
     </span>
     <span class='ocr_line' id='line_1_11' title="bbox 209 1367 1323 1453; baseline 0.005 -16"><span class='ocrx_word' id='word_1_65' title='bbox 209 1369 366 1441; x_wconf 86' lang='lat' dir='ltr'><strong>evellere</strong></span> <span class='ocrx_word' id='word_1_66' title='bbox 377 1368 590 1453; x_wconf 87' lang='lat' dir='ltr'><strong>voluissent,</strong></span> <span class='ocrx_word' id='word_1_67' title='bbox 603 1367 731 1441; x_wconf 86' lang='lat' dir='ltr'><strong>Cicero</strong></span> <span class='ocrx_word' id='word_1_68' title='bbox 746 1377 876 1440; x_wconf 91' lang='lat' dir='ltr'><strong>contra</strong></span> <span class='ocrx_word' id='word_1_69' title='bbox 893 1369 961 1441; x_wconf 91' lang='lat' dir='ltr'><strong>hos</strong></span> <span class='ocrx_word' id='word_1_70' title='bbox 972 1388 1103 1441; x_wconf 87' lang='lat' dir='ltr'><strong>omnes</strong></span> <span class='ocrx_word' id='word_1_71' title='bbox 1115 1370 1269 1442; x_wconf 83' lang='lat' dir='ltr'><strong>affectus</strong></span> <span class='ocrx_word' id='word_1_72' title='bbox 1285 1383 1323 1443; x_wconf 89' lang='lat' dir='ltr'><strong>et</strong></span> 
     </span>
     <span class='ocr_line' id='line_1_12' title="bbox 211 1483 1323 1576; baseline 0.005 -25"><span class='ocrx_word' id='word_1_73' title='bbox 211 1483 310 1574; x_wconf 89' lang='lat' dir='ltr'><strong>ipsos</strong></span> <span class='ocrx_word' id='word_1_74' title='bbox 326 1492 458 1556; x_wconf 92' lang='lat' dir='ltr'><strong>natura</strong></span> <span class='ocrx_word' id='word_1_75' title='bbox 481 1484 584 1556; x_wconf 90' lang='lat' dir='ltr'><strong>datos</strong></span> <span class='ocrx_word' id='word_1_76' title='bbox 602 1503 682 1555; x_wconf 91' lang='lat' dir='ltr'><strong>esse</strong></span> <span class='ocrx_word' id='word_1_77' title='bbox 700 1493 915 1576; x_wconf 82' lang='lat' dir='ltr'><strong>naturoeque</strong></span> <span class='ocrx_word' id='word_1_78' title='bbox 932 1504 1137 1574; x_wconf 81' lang='lat' dir='ltr'><strong>congruere</strong></span> <span class='ocrx_word' id='word_1_79' title='bbox 1162 1486 1323 1557; x_wconf 87' lang='lat' dir='ltr'><strong>arbitra-</strong></span> 
     </span>
     <span class='ocr_line' id='line_1_13' title="bbox 213 1598 1325 1690; baseline 0.003 -22"><span class='ocrx_word' id='word_1_80' title='bbox 213 1608 293 1682; x_wconf 89' lang='lat' dir='ltr'><strong>tur,</strong></span> <span class='ocrx_word' id='word_1_81' title='bbox 308 1599 371 1671; x_wconf 83' lang='lat' dir='ltr'><strong>sed</strong></span> <span class='ocrx_word' id='word_1_82' title='bbox 388 1598 537 1671; x_wconf 88' lang='lat' dir='ltr'><strong>eosdem</strong></span> <span class='ocrx_word' id='word_1_83' title='bbox 556 1598 685 1669; x_wconf 89' lang='lat' dir='ltr'><strong>ordine</strong></span> <span class='ocrx_word' id='word_1_84' title='bbox 711 1599 983 1670; x_wconf 87' lang='lat' dir='ltr'><strong>contrahendos</strong></span> <span class='ocrx_word' id='word_1_85' title='bbox 994 1619 1091 1683; x_wconf 91' lang='lat' dir='ltr'><strong>esse,</strong></span> <span class='ocrx_word' id='word_1_86' title='bbox 1108 1619 1156 1671; x_wconf 90' lang='lat' dir='ltr'><strong>ne</strong></span> <span class='ocrx_word' id='word_1_87' title='bbox 1174 1601 1325 1690; x_wconf 84' lang='lat' dir='ltr'><strong>lougius</strong></span> 
     </span>
     <span class='ocr_line' id='line_1_14' title="bbox 211 1712 1322 1803; baseline 0.003 -20"><span class='ocrx_word' id='word_1_88' title='bbox 211 1721 432 1802; x_wconf 81' lang='lat' dir='ltr'><strong>evagentur,</strong></span> <span class='ocrx_word' id='word_1_89' title='bbox 464 1714 652 1803; x_wconf 88' lang='lat' dir='ltr'><strong>linemqne</strong></span> <span class='ocrx_word' id='word_1_90' title='bbox 676 1732 719 1783; x_wconf 88' lang='lat' dir='ltr'><strong>ac</strong></span> <span class='ocrx_word' id='word_1_91' title='bbox 747 1712 899 1793; x_wconf 91' lang='lat' dir='ltr'><strong>modum</strong></span> <span class='ocrx_word' id='word_1_92' title='bbox 923 1723 1124 1785; x_wconf 80' lang='lat' dir='ltr'><strong>transeant.</strong></span> <span class='ocrx_word' id='word_1_93' title='bbox 1154 1716 1322 1788; x_wconf 89' lang='lat' dir='ltr'><strong>hlodera-</strong></span> 
     </span>
     <span class='ocr_line' id='line_1_15' title="bbox 212 1828 1322 1923; baseline 0.003 -24"><span class='ocrx_word' id='word_1_94' title='bbox 212 1829 351 1900; x_wconf 89' lang='lat' dir='ltr'><strong>tionem</strong></span> <span class='ocrx_word' id='word_1_95' title='bbox 360 1836 485 1899; x_wconf 92' lang='lat' dir='ltr'><strong>autem</strong></span> <span class='ocrx_word' id='word_1_96' title='bbox 500 1846 581 1898; x_wconf 86' lang='lat' dir='ltr'><strong>eam</strong></span> <span class='ocrx_word' id='word_1_97' title='bbox 591 1828 775 1912; x_wconf 90' lang='lat' dir='ltr'><strong>omnium,</strong></span> <span class='ocrx_word' id='word_1_98' title='bbox 788 1847 885 1919; x_wconf 69' lang='lat' dir='ltr'><strong>quae,</strong></span> <span class='ocrx_word' id='word_1_99' title='bbox 904 1830 1218 1919; x_wconf 88' lang='lat' dir='ltr'><strong>quemadmodum</strong></span> <span class='ocrx_word' id='word_1_100' title='bbox 1237 1834 1322 1923; x_wconf 89' lang='lat' dir='ltr'><strong>pul-</strong></span> 
     </span>
     <span class='ocr_line' id='line_1_16' title="bbox 212 1942 1319 2034; baseline 0.004 -21"><span class='ocrx_word' id='word_1_101' title='bbox 212 1943 384 2015; x_wconf 91' lang='lat' dir='ltr'><strong>chritudo</strong></span> <span class='ocrx_word' id='word_1_102' title='bbox 408 1942 573 2034; x_wconf 91' lang='lat' dir='ltr'><strong>corporis</strong></span> <span class='ocrx_word' id='word_1_103' title='bbox 588 1963 632 2014; x_wconf 80' lang='lat' dir='ltr'><strong>ex</strong></span> <span class='ocrx_word' id='word_1_104' title='bbox 649 1954 734 2033; x_wconf 83' lang='lat' dir='ltr'><strong>opta</strong></span> <span class='ocrx_word' id='word_1_105' title='bbox 751 1944 1017 2033; x_wconf 82' lang='lat' dir='ltr'><strong>compositione</strong></span> <span class='ocrx_word' id='word_1_106' title='bbox 1042 1946 1319 2033; x_wconf 88' lang='lat' dir='ltr'><strong>membrorum,</strong></span> 
     </span>
     <span class='ocr_line' id='line_1_17' title="bbox 211 2057 1308 2151; baseline 0.002 -22"><span class='ocrx_word' id='word_1_107' title='bbox 211 2058 265 2129; x_wconf 91' lang='lat' dir='ltr'><strong>sic</strong></span> <span class='ocrx_word' id='word_1_108' title='bbox 277 2068 316 2131; x_wconf 87' lang='lat' dir='ltr'><strong>et</strong></span> <span class='ocrx_word' id='word_1_109' title='bbox 331 2059 413 2151; x_wconf 88' lang='lat' dir='ltr'><strong>ipsa</strong></span> <span class='ocrx_word' id='word_1_110' title='bbox 427 2079 470 2131; x_wconf 81' lang='lat' dir='ltr'><strong>er</strong></span> <span class='ocrx_word' id='word_1_111' title='bbox 484 2057 614 2131; x_wconf 91' lang='lat' dir='ltr'><strong>ordine</strong></span> <span class='ocrx_word' id='word_1_112' title='bbox 631 2067 669 2129; x_wconf 87' lang='lat' dir='ltr'><strong>et</strong></span> <span class='ocrx_word' id='word_1_113' title='bbox 693 2059 902 2130; x_wconf 89' lang='lat' dir='ltr'><strong>constantia</strong></span> <span class='ocrx_word' id='word_1_114' title='bbox 918 2060 1115 2130; x_wconf 84' lang='lat' dir='ltr'><strong>affectuum</strong></span> <span class='ocrx_word' id='word_1_115' title='bbox 1134 2060 1308 2145; x_wconf 87' lang='lat' dir='ltr'><strong>efficitur,</strong></span> 
     </span>
     <span class='ocr_line' id='line_1_18' title="bbox 210 2170 1253 2276; baseline 0.003 -32"><span class='ocrx_word' id='word_1_116' title='bbox 210 2175 373 2246; x_wconf 82' lang='lat' dir='ltr'><strong>decorem</strong></span> <span class='ocrx_word' id='word_1_117' title='bbox 389 2193 537 2266; x_wconf 87' lang='lat' dir='ltr'><strong>quoque</strong></span> <span class='ocrx_word' id='word_1_118' title='bbox 557 2170 604 2268; x_wconf 83' lang='grc' dir='ltr'><strong>(τὸ</strong></span> <span class='ocrx_word' id='word_1_119' title='bbox 622 2170 762 2276; x_wconf 77' lang='grc' dir='ltr'>πρέπον),</span> <span class='ocrx_word' id='word_1_120' title='bbox 777 2172 852 2242; x_wconf 91' lang='lat' dir='ltr'><strong>sive</strong></span> <span class='ocrx_word' id='word_1_121' title='bbox 868 2176 959 2263; x_wconf 84' lang='lat' dir='ltr'><strong>qeod</strong></span> <span class='ocrx_word' id='word_1_122' title='bbox 973 2176 1066 2245; x_wconf 82' lang='lat' dir='ltr'><strong>decet</strong></span> <span class='ocrx_word' id='word_1_123' title='bbox 1082 2175 1253 2265; x_wconf 88' lang='lat' dir='ltr'><strong>appellat.</strong></span> 
     </span>
    </p>

    <p class='ocr_par' dir='ltr' id='par_1_4' title="bbox 210 2286 1324 4219">
     <span class='ocr_line' id='line_1_19' title="bbox 260 2286 1324 2363; baseline 0.004 -4"><span class='ocrx_word' id='word_1_124' title='bbox 260 2287 374 2359; x_wconf 86' lang='lat' dir='ltr'><strong>hlulta</strong></span> <span class='ocrx_word' id='word_1_125' title='bbox 388 2287 474 2358; x_wconf 89' lang='lat' dir='ltr'><strong>inde</strong></span> <span class='ocrx_word' id='word_1_126' title='bbox 493 2286 665 2358; x_wconf 88' lang='lat' dir='ltr'><strong>educitur</strong></span> <span class='ocrx_word' id='word_1_127' title='bbox 682 2287 727 2358; x_wconf 88' lang='lat' dir='ltr'><strong>de</strong></span> <span class='ocrx_word' id='word_1_128' title='bbox 744 2287 848 2357; x_wconf 89' lang='lat' dir='ltr'><strong>cultu</strong></span> <span class='ocrx_word' id='word_1_129' title='bbox 865 2286 954 2357; x_wconf 89' lang='lat' dir='ltr'><strong>boni</strong></span> <span class='ocrx_word' id='word_1_130' title='bbox 971 2288 1039 2358; x_wconf 87' lang='lat' dir='ltr'><strong>viri</strong></span> <span class='ocrx_word' id='word_1_131' title='bbox 1056 2308 1098 2359; x_wconf 88' lang='lat' dir='ltr'><strong>ac</strong></span> <span class='ocrx_word' id='word_1_132' title='bbox 1123 2292 1324 2363; x_wconf 88' lang='lat' dir='ltr'><strong>munditiis</strong></span> 
     </span>
     <span class='ocr_line' id='line_1_20' title="bbox 211 2402 1320 2495; baseline 0.003 -20"><span class='ocrx_word' id='word_1_133' title='bbox 211 2403 425 2494; x_wconf 88' lang='lat' dir='ltr'><strong>disputatio.</strong></span> <span class='ocrx_word' id='word_1_134' title='bbox 441 2402 558 2494; x_wconf 78' lang='lat' dir='ltr'><strong>Atque</strong></span> <span class='ocrx_word' id='word_1_135' title='bbox 578 2402 701 2473; x_wconf 80' lang='lat' dir='ltr'><strong>forsan</strong></span> <span class='ocrx_word' id='word_1_136' title='bbox 722 2411 912 2476; x_wconf 88' lang='lat' dir='ltr'><strong>auctorem</strong></span> <span class='ocrx_word' id='word_1_137' title='bbox 930 2411 1100 2475; x_wconf 90' lang='lat' dir='ltr'><strong>nostrum</strong></span> <span class='ocrx_word' id='word_1_138' title='bbox 1128 2404 1168 2474; x_wconf 90' lang='lat' dir='ltr'><strong>in</strong></span> <span class='ocrx_word' id='word_1_139' title='bbox 1191 2409 1320 2495; x_wconf 75' lang='lat' dir='ltr'><strong>prasci·</strong></span> 
     </span>
     <span class='ocr_line' id='line_1_21' title="bbox 212 2516 1320 2610; baseline 0.005 -21"><span class='ocrx_word' id='word_1_140' title='bbox 212 2518 365 2610; x_wconf 77' lang='lat' dir='ltr'><strong>pheudo,</strong></span> <span class='ocrx_word' id='word_1_141' title='bbox 380 2517 501 2610; x_wconf 89' lang='lat' dir='ltr'><strong>qualis</strong></span> <span class='ocrx_word' id='word_1_142' title='bbox 522 2516 726 2609; x_wconf 85' lang='lat' dir='ltr'><strong>sapientem</strong></span> <span class='ocrx_word' id='word_1_143' title='bbox 745 2517 893 2589; x_wconf 87' lang='lat' dir='ltr'><strong>habitus</strong></span> <span class='ocrx_word' id='word_1_144' title='bbox 911 2517 1055 2601; x_wconf 90' lang='lat' dir='ltr'><strong>deceat,</strong></span> <span class='ocrx_word' id='word_1_145' title='bbox 1079 2519 1320 2594; x_wconf 88' lang='lat' dir='ltr'><strong>minutiorem</strong></span> 
     </span>
     <span class='ocr_line' id='line_1_22' title="bbox 210 2631 1320 2726; baseline 0.002 -21"><span class='ocrx_word' id='word_1_146' title='bbox 210 2634 322 2706; x_wconf 85' lang='lat' dir='ltr'><strong>luisse</strong></span> <span class='ocrx_word' id='word_1_147' title='bbox 329 2634 390 2705; x_wconf 89' lang='lat' dir='ltr'><strong>hic</strong></span> <span class='ocrx_word' id='word_1_148' title='bbox 399 2632 532 2706; x_wconf 88' lang='lat' dir='ltr'><strong>merito</strong></span> <span class='ocrx_word' id='word_1_149' title='bbox 542 2632 678 2704; x_wconf 81' lang='lat' dir='ltr'><strong>dixeris</strong></span> <span class='ocrx_word' id='word_1_150' title='bbox 688 2653 699 2702; x_wconf 77' lang='grc' dir='ltr'><strong><em>ε</em></strong></span> <span class='ocrx_word' id='word_1_151' title='bbox 710 2633 848 2724; x_wconf 88' lang='lat' dir='ltr'><strong>quippe</strong></span> <span class='ocrx_word' id='word_1_152' title='bbox 859 2631 925 2723; x_wconf 93' lang='lat' dir='ltr'><strong>qui</strong></span> <span class='ocrx_word' id='word_1_153' title='bbox 933 2632 1062 2723; x_wconf 74' lang='lat' dir='ltr'><strong>james</strong></span> <span class='ocrx_word' id='word_1_154' title='bbox 1074 2653 1207 2722; x_wconf 77' lang='lat' dir='ltr'><strong>magna</strong></span> <span class='ocrx_word' id='word_1_155' title='bbox 1216 2647 1320 2726; x_wconf 85' lang='lat' dir='ltr'><strong>parte</strong></span> 
     </span>
     <span class='ocr_line' id='line_1_23' title="bbox 211 2745 1323 2840; baseline 0.004 -22"><span class='ocrx_word' id='word_1_156' title='bbox 211 2748 386 2820; x_wconf 82' lang='lat' dir='ltr'><strong>virtutem</strong></span> <span class='ocrx_word' id='word_1_157' title='bbox 401 2746 441 2820; x_wconf 89' lang='lat' dir='ltr'><strong>in</strong></span> <span class='ocrx_word' id='word_1_158' title='bbox 458 2746 632 2818; x_wconf 85' lang='lat' dir='ltr'><strong>exteriori</strong></span> <span class='ocrx_word' id='word_1_159' title='bbox 651 2745 811 2837; x_wconf 90' lang='lat' dir='ltr'><strong>quadam</strong></span> <span class='ocrx_word' id='word_1_160' title='bbox 830 2746 1018 2835; x_wconf 79' lang='lat' dir='ltr'><strong>dignitatis</strong></span> <span class='ocrx_word' id='word_1_161' title='bbox 1037 2749 1161 2837; x_wconf 87' lang='lat' dir='ltr'><strong>specie</strong></span> <span class='ocrx_word' id='word_1_162' title='bbox 1182 2771 1323 2840; x_wconf 87' lang='lat' dir='ltr'><strong>ponere</strong></span> 
     </span>
     <span class='ocr_line' id='line_1_24' title="bbox 212 2858 1320 2954; baseline 0.006 -25"><span class='ocrx_word' id='word_1_163' title='bbox 212 2862 390 2934; x_wconf 86' lang='lat' dir='ltr'><strong>videatur.</strong></span> <span class='ocrx_word' id='word_1_164' title='bbox 412 2858 482 2933; x_wconf 87' lang='lat' dir='ltr'><strong>Sed</strong></span> <span class='ocrx_word' id='word_1_165' title='bbox 501 2878 587 2932; x_wconf 89' lang='lat' dir='ltr'><strong>eum</strong></span> <span class='ocrx_word' id='word_1_166' title='bbox 606 2860 797 2932; x_wconf 87' lang='lat' dir='ltr'><strong>theatralis</strong></span> <span class='ocrx_word' id='word_1_167' title='bbox 811 2861 959 2931; x_wconf 84' lang='lat' dir='ltr'><strong>virtutis</strong></span> <span class='ocrx_word' id='word_1_168' title='bbox 972 2872 1189 2952; x_wconf 90' lang='lat' dir='ltr'><strong>apparatum</strong></span> <span class='ocrx_word' id='word_1_169' title='bbox 1207 2884 1320 2954; x_wconf 88' lang='lat' dir='ltr'><strong>quum</strong></span> 
     </span>
     <span class='ocr_line' id='line_1_25' title="bbox 215 2975 1322 3051; baseline 0.001 -1"><span class='ocrx_word' id='word_1_170' title='bbox 215 2977 467 3050; x_wconf 81' lang='lat' dir='ltr'><strong>meximecum</strong></span> <span class='ocrx_word' id='word_1_171' title='bbox 480 2976 730 3048; x_wconf 86' lang='lat' dir='ltr'><strong>Romanorum</strong></span> <span class='ocrx_word' id='word_1_172' title='bbox 739 2975 906 3047; x_wconf 90' lang='lat' dir='ltr'><strong>moribus</strong></span> <span class='ocrx_word' id='word_1_173' title='bbox 918 2995 961 3047; x_wconf 88' lang='lat' dir='ltr'><strong>uc</strong></span> <span class='ocrx_word' id='word_1_174' title='bbox 973 2977 1098 3048; x_wconf 89' lang='lat' dir='ltr'><strong>indole</strong></span> <span class='ocrx_word' id='word_1_175' title='bbox 1110 2997 1322 3051; x_wconf 88' lang='lat' dir='ltr'><strong>accommo-</strong></span> 
     </span>
     <span class='ocr_line' id='line_1_26' title="bbox 215 3089 1323 3185; baseline 0.004 -22"><span class='ocrx_word' id='word_1_176' title='bbox 215 3093 343 3164; x_wconf 92' lang='lat' dir='ltr'><strong>datum</strong></span> <span class='ocrx_word' id='word_1_177' title='bbox 355 3091 521 3175; x_wconf 81' lang='lat' dir='ltr'><strong>fatearis,</strong></span> <span class='ocrx_word' id='word_1_178' title='bbox 536 3108 685 3161; x_wconf 89' lang='lat' dir='ltr'><strong>necesse</strong></span> <span class='ocrx_word' id='word_1_179' title='bbox 699 3099 766 3160; x_wconf 88' lang='lat' dir='ltr'><strong>est.</strong></span> <span class='ocrx_word' id='word_1_180' title='bbox 785 3089 924 3161; x_wconf 87' lang='lat' dir='ltr'><strong>Rerum</strong></span> <span class='ocrx_word' id='word_1_181' title='bbox 936 3090 1038 3161; x_wconf 91' lang='lat' dir='ltr'><strong>enim</strong></span> <span class='ocrx_word' id='word_1_182' title='bbox 1051 3091 1323 3185; x_wconf 89' lang='lat' dir='ltr'><strong>hominumque</strong></span> 
     </span>
     <span class='ocr_line' id='line_1_27' title="bbox 214 3203 1319 3296; baseline 0.003 -17"><span class='ocrx_word' id='word_1_183' title='bbox 214 3209 396 3280; x_wconf 87' lang='lat' dir='ltr'><strong>rationem</strong></span> <span class='ocrx_word' id='word_1_184' title='bbox 414 3207 453 3277; x_wconf 94' lang='lat' dir='ltr'><strong>in</strong></span> <span class='ocrx_word' id='word_1_185' title='bbox 474 3207 544 3276; x_wconf 91' lang='lat' dir='ltr'><strong>hoc</strong></span> <span class='ocrx_word' id='word_1_186' title='bbox 572 3205 702 3275; x_wconf 87' lang='lat' dir='ltr'><strong>habuit</strong></span> <span class='ocrx_word' id='word_1_187' title='bbox 727 3204 868 3275; x_wconf 88' lang='lat' dir='ltr'><strong>Cicero.</strong></span> <span class='ocrx_word' id='word_1_188' title='bbox 904 3203 1071 3296; x_wconf 85' lang='lat' dir='ltr'><strong>Cumque</strong></span> <span class='ocrx_word' id='word_1_189' title='bbox 1093 3206 1192 3279; x_wconf 83' lang='lat' dir='ltr'><strong>cives</strong></span> <span class='ocrx_word' id='word_1_190' title='bbox 1218 3228 1319 3295; x_wconf 91' lang='lat' dir='ltr'><strong>suos,</strong></span> 
     </span>
     <span class='ocr_line' id='line_1_28' title="bbox 213 3320 1322 3415; baseline 0 -17"><span class='ocrx_word' id='word_1_191' title='bbox 213 3333 392 3415; x_wconf 76' lang='lat' dir='ltr'><strong>tanquam</strong></span> <span class='ocrx_word' id='word_1_192' title='bbox 415 3329 538 3412; x_wconf 87' lang='lat' dir='ltr'><strong>partes</strong></span> <span class='ocrx_word' id='word_1_193' title='bbox 554 3320 593 3389; x_wconf 91' lang='lat' dir='ltr'><strong>in</strong></span> <span class='ocrx_word' id='word_1_194' title='bbox 619 3321 762 3390; x_wconf 83' lang='lat' dir='ltr'><strong>theatro</strong></span> <span class='ocrx_word' id='word_1_195' title='bbox 787 3329 958 3408; x_wconf 79' lang='lat' dir='ltr'><strong>agerent,</strong></span> <span class='ocrx_word' id='word_1_196' title='bbox 978 3321 1104 3390; x_wconf 93' lang='lat' dir='ltr'><strong>omnia</strong></span> <span class='ocrx_word' id='word_1_197' title='bbox 1128 3321 1175 3392; x_wconf 92' lang='lat' dir='ltr'><strong>ad</strong></span> <span class='ocrx_word' id='word_1_198' title='bbox 1195 3325 1322 3398; x_wconf 92' lang='lat' dir='ltr'><strong>oculos</strong></span> 
     </span>
     <span class='ocr_line' id='line_1_29' title="bbox 214 3434 1321 3530; baseline -0.001 -17"><span class='ocrx_word' id='word_1_199' title='bbox 214 3452 253 3513; x_wconf 86' lang='lat' dir='ltr'><strong>et</strong></span> <span class='ocrx_word' id='word_1_200' title='bbox 271 3437 522 3530; x_wconf 82' lang='lat' dir='ltr'><strong>spectaculum</strong></span> <span class='ocrx_word' id='word_1_201' title='bbox 543 3453 764 3526; x_wconf 88' lang='lat' dir='ltr'><strong>componere</strong></span> <span class='ocrx_word' id='word_1_202' title='bbox 780 3434 935 3519; x_wconf 88' lang='lat' dir='ltr'><strong>videret,</strong></span> <span class='ocrx_word' id='word_1_203' title='bbox 955 3434 1052 3518; x_wconf 62' lang='lat' dir='ltr'><strong>idne,</strong></span> <span class='ocrx_word' id='word_1_204' title='bbox 1066 3448 1321 3524; x_wconf 84' lang='lat' dir='ltr'><strong>momentum,</strong></span> 
     </span>
     <span class='ocr_line' id='line_1_30' title="bbox 215 3550 1324 3645; baseline -0.013 -19"><span class='ocrx_word' id='word_1_205' title='bbox 215 3553 314 3627; x_wconf 85' lang='lat' dir='ltr'><strong>uude</strong></span> <span class='ocrx_word' id='word_1_206' title='bbox 327 3551 497 3624; x_wconf 88' lang='lat' dir='ltr'><strong>stimulos</strong></span> <span class='ocrx_word' id='word_1_207' title='bbox 513 3550 611 3621; x_wconf 89' lang='lat' dir='ltr'><strong>bono</strong></span> <span class='ocrx_word' id='word_1_208' title='bbox 626 3550 705 3622; x_wconf 90' lang='lat' dir='ltr'><strong>viro</strong></span> <span class='ocrx_word' id='word_1_209' title='bbox 721 3550 909 3641; x_wconf 85' lang='lat' dir='ltr'><strong>adjiceret,</strong></span> <span class='ocrx_word' id='word_1_210' title='bbox 924 3550 1207 3644; x_wconf 87' lang='lat' dir='ltr'><strong>mercedemque</strong></span> <span class='ocrx_word' id='word_1_211' title='bbox 1217 3557 1324 3645; x_wconf 80' lang='lat' dir='ltr'><strong>pelli.</strong></span> 
     </span>
     <span class='ocr_line' id='line_1_31' title="bbox 214 3662 1324 3758; baseline 0.003 -20"><span class='ocrx_word' id='word_1_212' title='bbox 214 3674 374 3750; x_wconf 88' lang='lat' dir='ltr'><strong>ceretur,</strong></span> <span class='ocrx_word' id='word_1_213' title='bbox 392 3666 597 3758; x_wconf 75' lang='lat' dir='ltr'><strong>presertim</strong></span> <span class='ocrx_word' id='word_1_214' title='bbox 613 3665 755 3737; x_wconf 80' lang='lat' dir='ltr'><strong>cereris</strong></span> <span class='ocrx_word' id='word_1_215' title='bbox 771 3662 1027 3736; x_wconf 82' lang='lat' dir='ltr'><strong>deficientibus</strong></span> <span class='ocrx_word' id='word_1_216' title='bbox 1047 3664 1224 3750; x_wconf 86' lang='lat' dir='ltr'><strong>honestis,</strong></span> <span class='ocrx_word' id='word_1_217' title='bbox 1243 3668 1324 3758; x_wconf 93' lang='lat' dir='ltr'><strong>ipse</strong></span> 
     </span>
     <span class='ocr_line' id='line_1_32' title="bbox 214 3779 1323 3870; baseline 0.002 -17"><span class='ocrx_word' id='word_1_218' title='bbox 214 3801 403 3855; x_wconf 88' lang='lat' dir='ltr'><strong>removere</strong></span> <span class='ocrx_word' id='word_1_219' title='bbox 431 3779 581 3853; x_wconf 82' lang='lat' dir='ltr'><strong>debuit?</strong></span> <span class='ocrx_word' id='word_1_220' title='bbox 606 3780 703 3868; x_wconf 86' lang='lat' dir='ltr'><strong>Quid</strong></span> <span class='ocrx_word' id='word_1_221' title='bbox 723 3788 852 3850; x_wconf 92' lang='lat' dir='ltr'><strong>contra</strong></span> <span class='ocrx_word' id='word_1_222' title='bbox 865 3779 943 3868; x_wconf 88' lang='lat' dir='ltr'><strong>jam</strong></span> <span class='ocrx_word' id='word_1_223' title='bbox 978 3780 1224 3870; x_wconf 89' lang='lat' dir='ltr'><strong>opportunius</strong></span> <span class='ocrx_word' id='word_1_224' title='bbox 1241 3783 1323 3855; x_wconf 86' lang='lat' dir='ltr'><strong>fieri</strong></span> 
     </span>
     <span class='ocr_line' id='line_1_33' title="bbox 213 3897 1324 3995; baseline 0.004 -22"><span class='ocrx_word' id='word_1_225' title='bbox 213 3902 347 3995; x_wconf 88' lang='lat' dir='ltr'><strong>potuit,</strong></span> <span class='ocrx_word' id='word_1_226' title='bbox 360 3919 474 3994; x_wconf 86' lang='lat' dir='ltr'><strong>quam</strong></span> <span class='ocrx_word' id='word_1_227' title='bbox 485 3900 517 3971; x_wconf 89' lang='lat' dir='ltr'><strong>si</strong></span> <span class='ocrx_word' id='word_1_228' title='bbox 528 3898 757 3991; x_wconf 89' lang='lat' dir='ltr'><strong>principibus</strong></span> <span class='ocrx_word' id='word_1_229' title='bbox 770 3897 851 3969; x_wconf 90' lang='lat' dir='ltr'><strong>istis</strong></span> <span class='ocrx_word' id='word_1_230' title='bbox 858 3897 1030 3982; x_wconf 90' lang='lat' dir='ltr'><strong>civitatis,</strong></span> <span class='ocrx_word' id='word_1_231' title='bbox 1046 3917 1122 3970; x_wconf 80' lang='lat' dir='ltr'><strong>sure</strong></span> <span class='ocrx_word' id='word_1_232' title='bbox 1133 3900 1324 3990; x_wconf 83' lang='lat' dir='ltr'><strong>dignitatis</strong></span> 
     </span>
     <span class='ocr_line' id='line_1_34' title="bbox 214 4011 1322 4097; baseline 0.003 -11"><span class='ocrx_word' id='word_1_233' title='bbox 214 4014 413 4087; x_wconf 89' lang='lat' dir='ltr'><strong>admodum</strong></span> <span class='ocrx_word' id='word_1_234' title='bbox 432 4013 621 4095; x_wconf 86' lang='lat' dir='ltr'><strong>studiosis,</strong></span> <span class='ocrx_word' id='word_1_235' title='bbox 640 4011 876 4082; x_wconf 81' lang='lat' dir='ltr'><strong>manifestum</strong></span> <span class='ocrx_word' id='word_1_236' title='bbox 893 4011 1117 4097; x_wconf 88' lang='lat' dir='ltr'><strong>ostenderet,</strong></span> <span class='ocrx_word' id='word_1_237' title='bbox 1137 4032 1322 4089; x_wconf 85' lang='lat' dir='ltr'><strong>summam</strong></span> 
     </span>
     <span class='ocr_line' id='line_1_35' title="bbox 214 4125 1321 4219; baseline 0.004 -18"><span class='ocrx_word' id='word_1_238' title='bbox 214 4147 412 4219; x_wconf 84' lang='lat' dir='ltr'><strong>veramque</strong></span> <span class='ocrx_word' id='word_1_239' title='bbox 434 4127 651 4215; x_wconf 77' lang='lat' dir='ltr'><strong>dignitatem</strong></span> <span class='ocrx_word' id='word_1_240' title='bbox 678 4144 765 4197; x_wconf 92' lang='lat' dir='ltr'><strong>cum</strong></span> <span class='ocrx_word' id='word_1_241' title='bbox 788 4125 924 4196; x_wconf 84' lang='lat' dir='ltr'><strong>virtute</strong></span> <span class='ocrx_word' id='word_1_242' title='bbox 952 4125 1189 4216; x_wconf 89' lang='lat' dir='ltr'><strong>conjunctam</strong></span> <span class='ocrx_word' id='word_1_243' title='bbox 1219 4139 1321 4208; x_wconf 74' lang='lat' dir='ltr'><strong>csse?</strong></span> 
     </span>
    </p>
   </div>
   <div class='ocr_carea' id='block_1_3' title="bbox 0 0 1497 4750">
    <p class='ocr_par' dir='ltr' id='par_1_5' title="bbox 0 0 1497 4750">
     <span class='ocr_line' id='line_1_36' title="bbox 0 0 1497 4750; baseline 0 0"><span class='ocrx_word' id='word_1_244' title='bbox 0 0 1497 4750; x_wconf 95' lang='lat' dir='ltr'><strong> </strong></span> 
     </span>
    </p>
   </div>
  </div>
 </body>
</html>
