2984 4750
659 248 852 317 „ffi-

250 419 331 507 'Qua
342 417 501 506 igiturin
514 425 726 510 temperatae
740 414 941 488 honestatis
954 413 1212 504 descriptione,
1225 435 1307 504 quae

198 529 1308 624 mmmmmmmmfflmmmmm

200 650 337 741 cipiat,
364 648 492 721 Cicero
509 649 661 720 omnino
690 648 896 732 Romanus,
919 655 984 718 aut
1008 647 1131 737 potius
1155 647 1309 716 omnino

201 762 314 836 bomo
331 774 398 835 est.
413 765 482 834 llic
507 764 594 834 ludo
619 763 759 852 aliquid
777 761 956 844 remittit,
989 760 1128 851 aliquid
1145 761 1257 831 etiam
1272 769 1310 830 et

204 881 395 971 voluptati,
411 878 442 950 si
456 879 565 951 modo
578 879 661 968 quis
672 879 753 969 ejus
770 878 932 948 fruendae
946 877 1143 947 honestum
1159 877 1310 948 modum

201 1006 355 1065 teneat:
384 1015 426 1067 ac
448 1013 577 1066 rursus
602 993 806 1083 quidquam
826 993 1015 1064 hominem
1038 1001 1136 1062 vetat
1154 993 1307 1075 sectari,

198 1110 302 1199 quod
331 1111 478 1201 assequi
512 1118 682 1199 nequeat.
719 1098 850 1198 ltaque
882 1107 981 1177 baud
1012 1106 1059 1177 ad
1086 1125 1204 1179 unum
1230 1108 1309 1197 jam

198 1227 402 1316 exemplar,
417 1234 456 1296 ut
465 1225 590 1308 Stoici,
601 1223 867 1294 diversissimas
877 1223 1108 1311 singulorum
1115 1223 1311 1293 bominum

203 1349 353 1412 naturas
382 1332 519 1430 fingere
545 1349 702 1412 conatur
722 1348 789 1408 :at
813 1358 878 1408 sua
909 1339 1042 1428 cuique
1068 1339 1205 1409 tuenda
1231 1358 1311 1411 esse

199 1457 388 1548 praecipit,
404 1469 481 1529 non
496 1453 646 1538 vitiosa,
669 1456 733 1525 sed
749 1464 876 1524 tamen
890 1453 1057 1543 propria,
1077 1472 1151 1544 quo
1166 1453 1310 1526 facilius

195 1573 362 1641 decorum
378 1572 593 1641 retineatur.
619 1600 632 1633 «
652 1570 763 1652 Nam,
782 1568 918 1659 inquit,
938 1566 1031 1636 nibil
1050 1570 1214 1658 profecto
1230 1588 1310 1638 ma-

201 1714 216 1745 »
239 1685 293 1773 gis
314 1686 489 1756 decorum
514 1694 589 1768 est,
610 1704 722 1774 quam
736 1682 963 1774 aequabilitas
990 1703 1107 1773 quum
1126 1684 1306 1753 universa

205 1801 336 1884 rvitae,
366 1810 447 1871 tum
471 1800 702 1889 singularum
719 1800 931 1870 aetianam:
955 1818 1067 1888 quam
1089 1817 1305 1869 conservare

197 1934 312 1986 enon
341 1915 481 2006 possis,
514 1916 545 1985 si
573 1915 731 1984 aliorum
757 1924 930 1985 nattxram
956 1914 1127 1997 imitans,
1151 1913 1306 1984 omittas

202 2040 413 2100 »tuam.s.,....
449 2027 657 2119 Expendere
687 2039 812 2099 autem
839 2037 1006 2119 oportet,
1033 2029 1124 2117 quid
1148 2030 1305 2120 quisque

198 2176 218 2207 a
235 2145 365 2216 habeat
380 2145 450 2229 sui,
468 2164 584 2234 eaque
600 2144 807 2228 moderari,
824 2164 891 2215 nec
906 2145 998 2215 velle
1017 2146 1175 2235 experiri
1192 2165 1304 2237 quam

197 2288 214 2322 a
233 2280 272 2332 se
290 2260 409 2331 aliena
426 2261 590 2331 deceant.
614 2259 656 2328 ld
672 2260 773 2329 enim
796 2261 955 2329 maxime
974 2278 1160 2350 quemque
1176 2261 1301 2346 decet,

195 2407 212 2441 a
234 2378 334 2468 quod
351 2378 598 2467 est'cujusque
616 2378 774 2448 maxime
791 2396 920 2448 suum:
942 2397 1051 2447 suum
1070 2378 1184 2468 igitur
1200 2381 1304 2470 quis·

196 2523 212 2557 Ἰι»
233 2512 305 2582 que
322 2502 448 2563 noscat
458 2491 670 2581 ingenium,
686 2511 884 2582 acremque
898 2512 939 2563 se
956 2505 994 2563 et
1005 2493 1237 2566 bonorumet
1249 2495 1303 2563 vi-

195 2637 212 2671 a
232 2608 371 2678 tiorum
389 2627 542 2679 suorum
556 2607 720 2698 judicem
739 2607 901 2697 praebeat
917 2607 973 2696 (l,
988 2606 1075 2702 31).
1090 2640 1103 2672 ι

245 2721 371 2812 Ipsum
389 2722 484 2793 illud
497 2723 682 2813 judicium
697 2732 779 2793 tum
803 2723 962 2792 maxime
984 2723 1152 2795 adhiberi
1174 2717 1300 2815 jubet,

191 2834 273 2920 ubi,
288 2837 441 2906 ineunte
458 2837 715 2921 adolescentia,
736 2837 871 2927 cuique
884 2838 961 2927 jam
978 2839 1215 2928 deligendum
1231 2852 1300 2925 est,

196 2970 307 3041 quam
315 2950 397 3021 vitae
405 2951 500 3023 viam
510 2953 614 3043 sequi
622 2953 971 3042 debeat.Quumque
983 2953 1047 3022 alii
1054 2955 1304 3026 multitudinis

196 3066 318 3156 potius
326 3067 467 3158 judicio
474 3085 587 3158 quarn
599 3088 680 3151 suo,
692 3068 755 3137 alii
767 3068 911 3138 consilii
921 3069 979 3138 sui
992 3069 1244 3141 imbecillitate
1257 3072 1303 3141 ad

193 3182 279 3252 vitae
295 3200 422 3271 genus,
445 3184 544 3274 quod
561 3203 600 3255 se
619 3203 694 3255 non
711 3183 799 3253 satis
813 3183 956 3267 deceat,
976 3191 1115 3254 temere
1131 3204 1227 3277 saepe
1249 3188 1303 3256 le-

193 3305 346 3380 rant-un
376 3297 455 3386 ipse
472 3307 643 3369 naturam
660 3309 741 3370 tum
762 3300 969 3390 praesertim
987 3303 1303 3391 sequendamesse

195 3413 362 3503 praecipit
381 3412 536 3497 Cicero,
566 3430 687 3503 neque
704 3415 912 3502 generalem
929 3416 1039 3487 modo
1056 3436 1138 3486 eam
1161 3418 1304 3489 absolu·

192 3534 345 3618 tamque
359 3539 543 3612 naturam,
559 3529 623 3599 sed
640 3530 833 3620 proprium
847 3531 1106 3622 singulareque
1123 3533 1302 3624 cujusque

194 3643 408 3731 ingenium:
431 3645 482 3714 ita
508 3654 551 3714 ut
573 3645 667 3714 alter
682 3644 840 3729 militiae,
863 3647 1084 3737 eloquentiae
1101 3651 1212 3733 alter,
1239 3658 1303 3720 aut

188 3758 336 3828 ceteris
350 3757 491 3830 artibus
506 3771 572 3849 pro
586 3779 651 3829 saa
669 3760 825 3849 quisque
838 3761 963 3832 indole
976 3761 1124 3852 pr'aestet
1135 3784 1298 3852 operam.

194 3871 389 3943 Nemeum
406 3875 532 3944 multae
556 3875 639 3944 vitae
657 3875 724 3943 viae
740 3875 886 3946 ineunti
903 3875 1052 3967 pateant
1072 3877 1118 3946 ad
1135 3880 1303 3949 eamdem

192 3999 331 4061 metam
357 3989 535 4074 ferentes,
568 3990 722 4078 singulae
752 3990 906 4079 singulis
934 3990 981 4061 ab
1012 3992 1225 4065 hominibus
1251 3995 1303 4065 ita

189 4104 396 4193 *deligendae
413 4114 520 4188 sunt,
537 4114 578 4176 ut
595 4105 824 4196 propositum
844 4108 956 4177 finem
976 4106 1052 4177 suis
1072 4127 1139 4198 pro
1164 4110 1303 4183 viribus

187 4221 829 4312 mmmmmmfflma.
