2984 4750
660 182 825 262 „q-

191 340 380 416 communi
409 347 534 409 autem
565 335 648 406 vitae
676 334 946 407 consuetudine
977 331 1292 404 remotissimam:

190 475 277 528 suos
289 455 403 543 igitur
417 452 616 543 discipulos
633 451 756 541 potius
773 449 819 519 ad
835 447 1043 520 scolasticus
1059 446 1296 518 declamatio-

190 589 274 656 nes,
293 586 405 660 quam
431 566 477 637 ad
494 565 664 637 obeunda
680 564 803 635 civilia
821 563 949 633 munia
971 561 1173 632 informare
1194 561 1296 632 vide-

191 685 337 754 bantur.
359 681 514 752 llomani
526 689 654 750 contra
666 697 728 748 eas
736 687 855 760 artes,
870 696 953 768 quoe
967 675 1107 746 nullius
1116 675 1295 745 momenti

191 806 313 869 essent
338 796 384 866 ad
403 805 552 866 strenue
577 793 795 884 fortiterque
824 791 1029 880 agendum,
1047 790 1155 861 flocci
1184 789 1297 859 iacie-

192 914 300 995 bant3
327 911 421 981 bene
449 908 594 979 vivendi
619 927 732 998 qnam
762 904 1021 977 benedicendi
1041 904 1290 975 studiosiores.

193 1028 331 1115 Quare,
355 1043 441 1095 curn

364 1232 537 1294 Greciaoapta
551 1230 756 1280 lerumvlotorom
771 1230 848 1291 cepit,
862 1232 888 1278 et
897 1233 963 1279 artes
1076 1282 1080 1293 ‚

363 1309 450 1361 lntullt
458 1313 546 1372 agresti
557 1309 634 1367 ballo,

193 1506 339 1577 omissis
373 1506 487 1576 ferme
515 1504 657 1575 caeteris
693 1501 933 1593 pbilosopbiae
965 1501 1295 1592 disputationibus,

194 1620 350 1692 Romani
382 1638 464 1689 eam
495 1617 788 1708 imprimisque
820 1615 1060 1687 demonibus
1089 1616 1299 1688 instituitur

193 1735 420 1816 doctrinam,
440 1753 514 1804 non
531 1733 659 1816 modo,
676 1740 717 1801 ut
734 1749 859 1814 suam,
874 1731 1033 1821 amplexi
1049 1740 1155 1815 sunt3
1172 1731 1237 1802 sed
1254 1751 1297 1802 er

193 1847 374 1919 desidiosa
403 1866 550 1937 quoqne
580 1847 882 1938 philosophorum
912 1846 1079 1936 palaestra
1108 1847 1148 1916 in
1177 1847 1299 1918 iorum

193 1970 304 2051 atque
329 1963 368 2030 in
388 1960 533 2050 liemp„
551 1970 589 2031 et
610 1960 649 2030 in
669 1960 792 2050 ipsum
816 1959 960 2030 vivendi
970 1980 1080 2031 usum
1102 1961 1219 2049 magis
1234 1981 1299 2032 co-

194 2075 272 2145 nati
288 2085 376 2146 sunt
403 2075 592 2147 devocare.
623 2075 698 2146 Nec
721 2075 948 2146 mediocrem
970 2075 1117 2146 laudem
1140 2076 1177 2144 in
1202 2094 1300 2146 exse·

195 2189 340 2278 quenda
357 2188 420 2258 illa
429 2189 577 2260 virtutis
588 2189 868 2279 compositione,
884 2207 968 2261 meo
978 2190 1129 2280 quidem
1142 2190 1296 2279 judicio,

195 2304 383 2373 consecuti
400 2312 499 2373 sunt.

243 2417 333 2504 Quae
348 2435 434 2487 cum
449 2416 502 2487 ita
518 2417 612 2499 sint,
631 2416 695 2486 ubi
711 2416 790 2507 ipse
805 2416 946 2488 Tullius
965 2426 1104 2503 noster,
1122 2416 1301 2488 absolutis

193 2530 337 2602 ceteris
370 2530 610 2622 philosophice
635 2531 982 2621 partibusaliquid
1001 2532 1047 2602 de
1071 2515 1224 2603 honesta
1244 2531 1300 2600 vi-

193 2646 302 2716 vendi
328 2647 470 2717 ratione
491 2646 537 2715 ad
563 2646 682 2715 filium
706 2646 857 2716 tandem
883 2648 1044 2717 scribere
1073 2647 1209 2732 voluit,
1231 2648 1300 2718 etsi

194 2759 408 2832 Graecorum
427 2760 588 2848 vestigiis
607 2760 765 2844 instare,
784 2770 821 2830 et
839 2762 1002 2851 primum
1019 2761 1072 2831 nil
1090 2772 1224 2852 praeter
1245 2762 1300 2831 al-

193 2884 312 2945 teram
331 2874 550 2964 eloquentiae
577 2894 652 2945 suae
677 2876 871 2944 materiam
896 2876 1084 2966 quaesiisse
1111 2877 1298 2959 videatur;

193 2990 229 3060 vi
241 2999 365 3060 tamen
377 3009 420 3059 ac
432 2992 564 3060 natura
580 2990 696 3080 ipsius
709 2991 778 3073 rei,
794 2990 1016 3060 interdume
1032 2990 1300 3063 declamatione

194 3104 240 3174 ad
256 3105 442 3192 vulgarem
466 3106 548 3175 vitoe
574 3123 701 3185 usum,
719 3104 1046 3195 Romanorumque
1068 3125 1216 3179 morum
1240 3126 1301 3176 ra·

193 3219 333 3290 tionem
345 3219 609 3300 retraberetur,
622 3237 771 3288 neccsse
791 3219 871 3289 luit.
880 3220 1025 3306 -Quid
1037 3220 1153 3308 igitur
1165 3242 1209 3292 ex
1224 3241 1301 3291 ma-

195 3332 394 3420 gistrorum
438 3332 542 3401 libris
574 3331 850 3422 desumpserit,
884 3334 1017 3424 quidve
1054 3336 1225 3406 extulerit
1257 3355 1301 3406 er

195 3446 408 3535 semetipso,
434 3455 475 3515 ut
499 3445 712 3517 Graecorum
745 3447 987 3519 subtilitatem
1021 3449 1194 3520 Romane
1218 3471 1302 3539 gra-

194 3560 316 3645 vitati,
339 3570 376 3631 et
400 3560 531 3649 placita
551 3561 643 3631 Stoae
667 3561 769 3651 Reip.
789 3563 969 3632 institutis
983 3573 1141 3653 aptaret,
1160 3565 1302 3655 disqni-
1392 3587 1397 3596 ·

195 3694 276 3746 rere
293 3675 384 3744 mibi
403 3694 522 3765 operae
541 3677 701 3767 pretium
721 3696 801 3747 esse
817 3678 934 3748 visum
951 3687 1018 3748 est.
