2984 4750
654 196 847 273 ..gg-

194 350 332 448 possit,
348 359 557 441 describere
576 365 688 436 certis
705 366 892 456 partibus,
912 368 1075 453 Papietio
1091 369 1302 455 Posidonio-

193 489 266 562 que
281 472 458 562 ducibus,
473 479 699 568 aggreditur.
719 481 910 572 Denique,
927 493 1057 559 utuno
1070 484 1180 556 verbo
1202 486 1303 569 illius

191 587 316 677 operis
334 609 518 664 summam
535 595 782 685 complectar,
820 596 1112 682 adolescentem,
1129 600 1175 669 ad
1187 620 1302 691 quem

191 709 294 777 unta
324 706 452 794 patriae
482 708 608 797 glorioe
629 710 844 796 haereditas,
865 720 993 802 totque
1018 714 1163 802 egregie
1191 716 1302 788 tacto

191 833 278 889 rum
308 817 467 893 imitatio
495 822 723 912 pertinebat,
753 823 798 894 ad
827 825 997 899 obeunda
1022 827 1151 901 omnia
1179 829 1302 911 ciuilia

190 948 348 1007 munera
366 934 506 1009 edocet

239 1045 361 1133 Quare
378 1048 417 1119 in
448 1070 493 1122 ea
525 1050 732 1127 officiorum
761 1052 1007 1143 descriptione
1037 1055 1216 1143 nonnulla
1240 1055 1301 1129 inr-

191 1160 339 1239 terdum
354 1163 543 1241 desideres
565 1190 573 1238 :
595 1185 638 1237 ea
652 1167 753 1243 euim
770 1220 780 1251 ,
797 1187 881 1258 quae
899 1186 974 1237 non
996 1168 1090 1251 ,satis
1106 1168 1154 1241 ad
1178 1168 1300 1260 publi·

188 1294 273 1353 cnm
316 1278 514 1357 utilitatem
552 1292 618 1351 aut
646 1281 882 1370 magistratus
919 1282 1155 1371 splendorem
1188 1285 1299 1376 perti·

191 1398 323 1485 aeaut„
362 1391 496 1471 leviter
526 1406 591 1475 aut
613 1395 775 1477 ,minime
808 1396 969 1486 attingit.
1002 1397 1062 1468 Nil
1095 1399 1141 1473 de
1168 1398 1300 1485 ciliciis

191 1523 273 1594 quse
291 1504 371 1577 iliis
393 1506 439 1579 ab
454 1507 888 1591 bominibusdebeantur
907 1511 1072 1597 disserit,
1096 1512 1150 1595 nil
1173 1511 1219 1593 de
1234 1531 1299 1605 pe·

189 1617 390 1695 culiaribus
409 1622 608 1699 mulierum
621 1625 791 1708 muniis,
813 1625 1041 1716 tamiliaeque
1062 1626 1298 1717 institutione

189 1750 232 1801 ao
249 1733 406 1805 vinculis
428 1758 436 1807 ε
457 1755 527 1808 nec
549 1738 658 1809 modo
686 1757 810 1810 servos
836 1739 1014 1822 omnino,
1043 1748 1084 1810 ut
1096 1758 1165 1831 par
1189 1750 1272 1829 erat
1284 1795 1294 1827 ,

182 1847 358 1936 negligit,
380 1852 503 1927 sedne
515 1851 801 1941 ,plebeianorum
820 1853 988 1944 quidem,
1012 1854 1078 1944 qui
1088 1855 1167 1944 jam
1184 1853 1296 1927 rebus

185 1960 327 2039 dudum
353 1965 662 2049 excludebantur,
694 1968 923 2051 montionem
949 1970 1048 2043 lacit.
1071 1969 1172 2051 loire
1195 1970 1296 2059 enipi

184 2086 355 2159 senatum
370 2080 496 2157 nullus
507 2079 585 2171 jam
603 2081 760 2170 populus
775 2099 951 2165 romanus
969 2081 1142 2163 restabat,
1162 2092 1297 2172 praeter

182 2189 356 2278 ignavam
388 2212 592 2283 pauperum
627 2194 961 2285 libertinorumque
989 2194 1292 2289 multitudinem,

183 2304 413 2398 pbilosophis
435 2308 587 2380 omniuo
609 2309 833 2399 despectam.
850 2349 892 2361 -
915 2308 984 2380 Sed
1009 2318 1146 2400 quanta
1170 2318 1293 2396 temen

182 2440 272 2503 cum
287 2421 428 2511 ingenii
443 2423 642 2513 ¹prudentia
661 2433 776 2510 totam
793 2424 915 2506 illam,
931 2425 1211 2513 qualiscumque
1227 2425 1292 2518 sit,

182 2535 339 2625 publice
365 2538 511 2620 virtutis
548 2538 819 2614 institutionem
846 2557 933 2614 cum
960 2537 1089 2610 Stoicae
1115 2537 1292 2626 doetriqae

183 2650 633 2743 principiisconjunxerit,
645 2653 911 2742 solidisquebis
919 2652 1186 2735 laudamentis,
1201 2652 1291 2734 dum

187 2765 327 2836 circum
354 2767 480 2837 omnia
502 2778 740 2851 corruerent,
770 2768 1050 2847 instauraverit,
1078 2768 1176 2837 baud
1201 2768 1293 2848 satis

181 2880 354 2968 equidem
373 2882 549 2954 admirari
568 2902 729 2971 possum.

230 2995 279 3074 Ea
298 2996 397 3067 eninr
414 2998 595 3087 praecipua
607 2996 814 3080 Stoicorum
829 2997 910 3068 laus
924 2998 1055 3079 luerat,
1072 2998 1184 3087 quod,
1202 3016 1289 3078 cum

179 3109 366 3200 plerisque
382 3111 506 3184 omnia
535 3111 657 3184 divina
681 3111 916 3197 humanaque
939 3110 1023 3198 jura
1049 3129 1090 3179 ex
1115 3110 1289 3199 opinione

179 3242 434 3314 consensuque
462 3225 657 3295 bominum
676 3232 762 3298 nata
780 3240 859 3291 esse
879 3220 1107 3304 viderentur,
1131 3224 1219 3313 ipsi,
1248 3236 1289 3296 ut

178 3340 366 3427 quondam
378 3339 555 3422 Socrates,
572 3339 747 3409 virtutem
763 3346 800 3407 et
813 3336 932 3406 officia
945 3336 992 3405 ad
1008 3336 1169 3408 divinam
1184 3358 1288 3418 suam

178 3586 221 3638 ex
245 3566 388 3642 coelesti
408 3587 452 3640 ea
469 3566 663 3639 bominum
681 3585 767 3640 cum
788 3565 864 3635 iliis
881 3565 1153 3644 immortalibus
1171 3567 1289 3640 socie-

177 3693 272 3764 tate,
288 3691 398 3773 atque
421 3683 592 3754 humanae
616 3680 732 3771 ipsius
750 3689 892 3751 naturae
910 3681 1052 3770 legibus
1070 3681 1283 3766 hauserunt.

178 3797 317 3869 Cuncta
333 3818 465 3888 nempe
478 3797 670 3879 docebant,
685 3796 841 3866 maxima
857 3795 1029 3876 minima,
1046 3815 1128 3884 quae
1139 3794 1286 3864 univer·

178 3933 242 3984 sus
262 3912 425 3983 mundus
445 3912 484 3982 in
513 3932 551 3982 se
570 3911 783 4001 complexus
804 3918 947 3991 teneat,
975 3928 1128 3999 corpora
1146 3909 1288 3980 scilicet

177 4028 407 4118 animosque,
419 4028 590 4116 ipsosque
605 4026 701 4096 Deos
716 4046 760 4095 ac
772 4025 954 4107 homines,
972 4024 1120 4095 aetern‘is
1136 4024 1235 4096 inter
1248 4044 1287 4097 se

176 4142 319 4232 legibus
330 4143 459 4232 iuncta
475 4151 584 4232 utque
603 4159 765 4213 connexa
784 4141 894 4210 unius
911 4138 1061 4222 mundi,
1084 4139 1159 4210 imo
1178 4139 1289 4210 unius
