2984 4750
594 229 790 306 ...27-

131 419 219 473 cum
232 400 394 471 Panaetio
412 400 701 493 Posidonioque,
718 401 885 473 retinuit.
902 444 939 453 -
952 401 1119 489 Quatuor
1132 398 1248 491 igitur

133 514 340 606 praecipuas
357 523 395 585 et
415 514 637 600 cardinales,
659 526 700 588 ut
720 517 790 587 hoc
808 525 916 600 utar,
931 516 1086 587 virtutes
1115 519 1245 607 ponit,

136 648 219 719 quae
233 639 385 699 caeteras
402 649 531 701 omnes
545 631 728 722 subjectas
745 632 1039 722 complectantur
1058 655 1067 704 ε
1091 632 1126 701 1·
1152 633 1249 703 Pru-

135 744 288 813 dentt'um
322 742 460 839 (quam
488 746 653 816 innatam
680 746 757 816 veri
795 746 1035 837 cupiditatem
1065 747 1251 837 appellare

134 854 301 952 malim),
324 877 397 948 qua
412 858 459 928 ad
477 858 745 949 exquirendum
771 860 861 950 quid
887 861 927 930 in
953 881 1101 961 quaque
1119 880 1161 931 re
1187 881 1248 952 po

133 970 318 1042 tissimum
347 973 520 1062 amplecti
542 973 694 1057 debeat,
727 974 982 1066 unusquisque
1008 976 1248 1065 impellitur:

133 1125 178 1137 -
191 1085 442 1167 wastitiam,
463 1089 502 1157 in
521 1107 594 1178 qua
612 1088 759 1159 virtutis
777 1089 950 1180 splendor
966 1099 1023 1161 est
1043 1090 1245 1175 maximum

135 1199 273 1291 quippe
292 1220 374 1291 quoe
390 1221 694 1295 unumquemque
709 1204 900 1275 bominem
911 1205 1014 1277 intus
1031 1205 1076 1275 ad
1095 1203 1133 1274 id
1147 1204 1247 1297 quod

134 1314 276 1386 bonum
301 1324 358 1385 est
382 1317 566 1405 agendum
592 1319 781 1402 stimulet,
811 1320 1039 1410 vetandoque
1067 1340 1088 1389 a
1116 1319 1247 1391 fraude

135 1427 329 1500 deterreat.
354 1474 388 1481 -
404 1430 440 1503 3⁰
448 1431 727 1517 Fortitudinem,
748 1434 786 1503 id
800 1444 869 1517 est,
887 1454 969 1504 eam
986 1434 1114 1505 invicti
1131 1433 1247 1506 animi

134 1542 346 1629 elationem,
376 1566 457 1635 quae
484 1546 597 1617 nullis
625 1548 799 1637 periculis
830 1549 1175 1639 calamitatibusque
1198 1548 1247 1620 ab

134 1658 288 1729 honesto
303 1658 492 1728 deturbari
511 1660 650 1749 possit:
672 1701 714 1713 -
731 1662 766 1738 [Γ
788 1663 1076 1752 temperantiam,
1095 1661 1247 1733 demum

134 1790 217 1861 quae
228 1772 332 1842 sedat
350 1774 464 1842 animi
479 1774 790 1864 perturbationes,
806 1776 1056 1865 voluptatibus
1072 1778 1243 1868 imperat,

135 1887 225 1958 alias
250 1897 396 1957 coercet
419 1898 530 1979 atque
559 1890 699 1978 abigit,
724 1892 814 1961 allas
837 1891 1046 1981 dispensat,
1068 1903 1105 1962 et
1122 1893 1246 1963 omnia

137 2002 242 2091 quusi
260 2001 394 2073 decoro
418 2004 522 2073 cultu
551 2003 656 2100 (κατὰ
677 2016 709 2080 τὸ
728 2005 861 2100 πρέπον)
894 2006 940 2074 ad
958 2025 1068 2077 suum
1094 2008 1246 2079 modum

133 2117 282 2205 redigit,
301 2126 339 2187 et
367 2119 532 2189 numeris
550 2118 723 2190 omnibus
740 2120 906 2190 absolvit.
928 2119 1070 2206 Quibus
1092 2140 1178 2191 vero
1205 2121 1244 2190 in

135 2231 289 2319 singulis
310 2233 476 2323 partibus
487 2234 678 2324 paululum
696 2234 921 2324 explicandis
940 2253 1241 2327 commoremur,

136 2365 284 2419 necesse
305 2360 370 2421 est.

184 2471 212 2542 l.
235 2473 444 2544 Pnuuuurm.
468 2513 508 2520 -
528 2475 577 2545 Ea
593 2476 717 2546 omnia
741 2475 987 2565 perspiciendi
1005 2476 1162 2565 cupido,
1181 2493 1245 2545 re·-

135 2607 295 2677 rumque
312 2586 598 2679 expetendarum
621 2590 955 2681 fugiendarumque
969 2590 1150 2675 scientia,
1176 2591 1246 2661 ho·

136 2703 229 2772 mini
247 2704 427 2793 proiectu,
449 2705 554 2795 quasi
571 2706 710 2794 lampas
728 2704 910 2796 quaedam,
930 2726 951 2773 a
966 2704 1041 2774 Deo
1059 2703 1142 2773 data
1165 2710 1241 2789 est,

135 2837 208 2907 qua
223 2818 408 2888 vitaeviam
423 2820 634 2889 illustraret.
653 2818 721 2888 Sed
737 2839 854 2909 quum
869 2821 1009 2910 priores
1022 2818 1243 2910 philosophi,

136 2931 252 3003 nimio
274 2935 448 3004 noscendi
466 2936 589 3007 studio
603 2936 777 3025 impulsi,
803 2955 957 3005 omnem
974 2953 1102 3006 curam
1124 2934 1163 3004 in
1186 2950 1250 3002 res

135 3046 310 3117 obscuras
325 3049 591 3139 dillicilesque,
618 3049 840 3138 easdemque
858 3068 932 3120 nou
957 3048 1045 3119 satis
1066 3049 1111 3117 ad
1130 3047 1249 3115 vitam-

134 3163 375 3246 necessarias,
394 3164 654 3248 contulissent,
682 3183 812 3234 rursus
829 3163 922 3235 Stoae
943 3163 1130 3252 principes
1148 3161 1217 3230 viri
1232 3213 1247 3246 ‚,

134 3274 293 3347 Socratis
311 3279 490 3368 exemplo,
506 3279 722 3368 sapientiam
740 3297 761 3346 e
776 3277 869 3346 coelo
887 3276 1090 3365 alienisque
1105 3276 1162 3346 his
1183 3295 1248 3345 ar-

134 3390 236 3461 tibus
252 3393 502 3475 devorarunt,
530 3413 573 3462 ac
595 3391 639 3463 de
657 3393 729 3461 vita
744 3403 783 3462 et
799 3390 965 3461 moribus
979 3411 1145 3480 quaerere
1162 3410 1248 3460 eam

133 3516 345 3593 coegerunt.
365 3507 409 3576 At
423 3528 471 3578 ne
484 3508 554 3597 ipsi
564 3506 716 3597 quidem
731 3507 884 3576 modum
898 3505 937 3574 in
951 3504 1021 3574 boc
1036 3505 1245 3586 retinuere;

132 3620 304 3711 Zenoque
323 3622 501 3704 Clttieus,
518 3624 555 3691 in
578 3621 800 3712 Reipublicae
819 3640 895 3690 suae
918 3620 1116 3708 prooemio,
1135 3629 1245 3689 caete-

131 3755 192 3806 ras
223 3736 433 3826 disciplinas
458 3738 650 3820 liberales,
681 3756 765 3825 quae
794 3734 1045 3805 curiositatem
1072 3735 1247 3804 inutilem

131 3863 322 3935 moveant,
350 3872 470 3942 neque
484 3854 579 3923 viam
598 3854 643 3921 ad
660 3853 833 3923 virtutem
848 3858 1035 3932 sternant,
1060 3869 1080 3919 e
1098 3849 1247 3918 civitate

131 3986 200 4037 sua
219 3967 365 4037 videtur
384 3970 536 4040 omnino
551 3968 764 4058 repudiasse
791 3968 803 4062 (
829 3979 857 4060 J.

164 4228 198 4294 (1)
208 4230 276 4291 lllog.
289 4230 385 4290 baert,
395 4229 445 4289 vlt,
457 4234 498 4279 tt«
