2984 4750
661 246 853 315 ..35-

251 418 333 504 ‘Qua
343 416 456 505 igitur
465 415 503 485 in
515 423 727 505 temperatae
741 412 943 486 honestatis
956 411 1213 503 descriptione,
1227 433 1308 503 quae

199 554 247 604 er
264 533 343 624 ipsa
360 533 522 602 humana
546 530 799 601 imbecillitate
819 530 1016 600 utilitatem
1042 527 1203 617 aliquam
1225 547 1310 617 per-

201 648 338 739 cipiat,
366 646 493 719 Cicero
510 647 662 717 omnino
691 645 897 730 Romanus,
921 654 985 715 aut
1010 644 1132 736 potius
1157 646 1310 714 omnino

202 760 315 834 lromo
332 772 400 834 est.
415 762 483 832 Hic
508 761 596 832 ludo
620 761 760 851 aliquid
779 759 957 842 remittit,
990 758 1130 849 aliquid
1147 759 1258 829 etiam
1273 767 1312 829 et

205 879 396 968 voluptati,
412 877 444 948 si
457 877 566 948 modo
579 876 662 966 quis
674 877 754 967 ejus
772 877 934 947 fruendae
947 876 1145 946 honestum
1159 875 1311 946 modum

203 1003 356 1064 teneat:
386 1013 428 1065 ac
449 1011 578 1063 rursus
603 991 807 1082 quidquam
828 991 1016 1061 hominem
1040 1000 1138 1060 vetat
1155 992 1309 1074 sectari,

199 1108 303 1197 <quod
333 1109 479 1199 assequi
513 1116 684 1196 nequeat.
720 1096 851 1195 ltaque
883 1106 981 1176 haud
1013 1105 1060 1175 ad
1087 1125 1206 1176 unum
1231 1106 1311 1195 jam

199 1225 402 1315 exemplar,
418 1233 457 1294 ut
467 1221 591 1306 Stoici,
603 1221 869 1293 diversissimas
879 1220 1312 1310 singulorumbominum

204 1347 354 1410 naturas
383 1339 520 1429 fingere
547 1347 731 1410 conatur:
753 1346 790 1406 at
814 1356 880 1407 sua
910 1336 1044 1426 cuique
1070 1336 1206 1407 tuenda
1233 1356 1312 1409 esse

201 1455 389 1546 praecipit,
405 1467 482 1527 uon
499 1452 648 1536 vitiosa,
666 1453 734 1523 sed
751 1462 877 1522 tamen
891 1451 1058 1541 propria,
1078 1471 1152 1542 quo
1168 1451 1312 1524 facilius

196 1571 363 1640 cecorum
379 1569 595 1639 retineatur.
621 1597 633 1631 ι
654 1567 764 1650 Nam,
783 1566 919 1656 inquit,
939 1565 1033 1635 nibil
1052 1567 1215 1656 prolecto
1231 1586 1312 1636 ma-

204 1712 217 1743 »
240 1683 294 1770 gis
314 1684 490 1754 decorum
515 1691 590 1765 est,
612 1701 723 1771 quam
737 1681 965 1771 aequabilitas
992 1700 1108 1771 quum
1127 1682 1307 1752 universae

206 1798 337 1882 :vitae,
367 1808 447 1869 tum
472 1798 703 1886 singularum
720 1797 932 1868 actionum:
956 1815 1067 1886 quam
1090 1816 1307 1868 conservare

198 1944 215 1976 v
238 1931 312 1984 non
341 1913 482 2004 possis,
514 1914 545 1983 si
574 1913 732 1982 aliorum
759 1921 931 1982 naturam
958 1913 1128 1995 imitans,
1153 1911 1307 1984 omittas

203 2037 414 2098 »tuamtm
450 2025 659 2117 Expendere
688 2037 813 2097 autem
840 2035 1007 2116 oportet,
1034 2027 1125 2116 quid
1150 2029 1306 2118 quisque

199 2173 218 2205 ι
236 2142 366 2214 habeat
381 2143 452 2228 sui,
469 2163 585 2231 eaque
602 2143 807 2226 moderari,
825 2161 893 2212 nec
906 2142 999 2212 velle
1017 2143 1176 2232 experiri
1193 2163 1305 2233 quam

198 2286 215 2319 ω
235 2277 274 2329 se
292 2258 410 2329 aliena
426 2259 591 2330 deceant.
615 2257 656 2326 Id
673 2258 774 2327 enim
798 2258 956 2327 maxime
975 2276 1161 2348 quemque
1177 2258 1302 2344 decet,

196 2404 214 2438 o
236 2375 335 2466 quod
352 2376 599 2465 est'quusque
617 2375 775 2445 maxime
791 2394 921 2446 suum:
943 2394 1053 2445 suum
1071 2376 1185 2465 igitur
1201 2378 1305 2468 quis·

197 2521 214 2554 ·»
234 2510 305 2580 que
322 2500 448 2560 noscat
459 2489 671 2579 ingenium,
687 2508 885 2580 acremque
899 2510 940 2561 se
956 2503 995 2560 et
1007 2490 1238 2564 bonorumet
1250 2493 1304 2562 vi-

197 2634 213 2668 t
234 2604 372 2675 tiorum
390 2624 543 2676 suorum
557 2605 720 2695 judicem
739 2605 901 2694 praebeat
918 2606 974 2694 (l,
990 2604 1077 2700 31).
1092 2637 1104 2669 t

247 2719 373 2811 Ipsum
390 2720 485 2791 illud
497 2720 682 2810 judicium
698 2729 780 2790 tum
804 2721 963 2790 maxime
985 2721 1153 2793 adhiberi
1176 2715 1301 2814 jubet,

193 2832 275 2918 ubi,
289 2834 442 2904 ineunte
459 2834 716 2918 adolescentia,
737 2835 872 2925 cuique
885 2836 962 2925 jam
979 2837 1216 2926 deligendum
1232 2848 1301 2922 est,

197 2967 308 3038 quam
315 2948 398 3019 vitre
406 2949 501 3018 viam
510 2950 971 3041 sequidebeat.Quumque
984 2949 1047 3021 alii
1055 2953 1304 3025 multitudinis

196 3064 319 3152 potius
327 3063 587 3156 iudicioquam
600 3085 681 3148 suo,
692 3066 756 3135 alii
768 3066 980 3137 consiliisui
994 3067 1245 3139 imbecillitate
1258 3069 1304 3138 ad

194 3179 280 3248 vitoe
297 3197 423 3268 genus,
446 3181 545 3269 quod
562 3199 601 3251 se
620 3200 695 3251 non
712 3180 800 3250 satis
814 3180 957 3265 deceat,
977 3189 1116 3252 temere
1132 3201 1228 3274 saepe
1250 3185 1304 3254 fe-

193 3302 346 3377 rantur;
377 3294 456 3383 ipse
473 3304 643 3365 naturam
661 3306 742 3366 tum
764 3297 970 3386 ,praesertim
987 3300 1304 3388 sequendamcsse

195 3408 363 3499 praecipit
386 3409 536 3494 Cicero,
567 3427 688 3501 neque
705 3411 913 3499 generalem
930 3414 1040 3485 modo
1057 3434 1139 3485 eam
1162 3417 1304 3487 absolu-

193 3531 346 3615 tamque
359 3535 544 3610 naturam,
559 3525 623 3597 sed
641 3527 834 3617 proprium
848 3527 1107 3620 singulareque
1124 3531 1303 3622 cujusque

195 3640 409 3729 ingenium:
432 3642 483 3711 ita
508 3651 551 3712 ut
574 3642 668 3711 alter
685 3641 841 3726 militiae,
865 3643 1085 3733 eloquentiae
1102 3649 1213 3731 alter,
1240 3657 1304 3717 aut

189 3756 337 3827 caeteris
350 3755 492 3828 artibus
507 3769 573 3847 pro
587 3775 652 3826 sua
669 3756 826 3847 quisque
839 3758 964 3830 indole
976 3757 1124 3849 pr'aestet
1136 3753 1299 3850 operam.

194 3869 287 3941 Nam
303 3890 389 3942 cum
407 3873 533 3942 multoe
556 3872 640 3941 vitoe
658 3872 724 3942 viae
741 3873 886 3943 ineunti
904 3873 1054 3965 pateant
1074 3876 1121 3944 ad·
1136 3878 1303 3948 eamdem

193 3996 332 4058 metam
358 3987 537 4072 ferentes,
568 3988 723 4076 singulae
752 3988 907 4078 singulis
935 3988 982 4059 ab
1013 3989 1226 4063 hominibus
1252 3993 1304 4064 ita

190 4102 397 4192 deligendae
414 4114 520 4187 sunt,
538 4112 579 4174 ut
596 4104 826 4194 propositum
845 4106 957 4176 linem
976 4105 1053 4175 suis
1074 4126 1142 4196 pro
1165 4109 1304 4181 viribus

187 4218 330 4309 optime
345 4221 505 4310 quisque
523 4225 752 4310 assequatur.
827 4282 830 4287 .
