2984 4750
679 222 868 309 „704

217 405 289 476 tior
310 404 402 489 erit,
432 403 497 494 qui
524 403 594 474 sibi
618 424 749 495 parum
771 406 944 488 conlisus,
971 406 1010 477 in
1029 408 1104 478 Deo
1119 408 1324 480 innitetur?

217 520 480 610 Quantumque
493 519 663 610 protinus
682 519 728 589 ab
744 520 873 610 ignava
892 520 1098 593 Stoicorum
1123 523 1325 596 indolentia

217 636 398 727 discrepat
410 634 558 706 humilis
572 654 616 705 ea
633 634 925 706 Christianorum
946 637 1199 710 intolerandis
1218 640 1326 710 malis

217 750 415 841 patientia,
440 769 553 840 quam
585 749 747 820 divinam
780 752 979 841 quamdam
1012 755 1181 842 sperandi
1208 764 1327 826 artem

218 864 391 956 equidem
408 864 587 934 dixerim?
603 902 646 916 ·-
660 863 838 955 Superbia
863 867 962 937 enim
980 868 1162 940 virtutum
1187 870 1325 959 Regina

215 1000 257 1052 ac
275 980 500 1072 principium
511 978 609 1070 apud
627 978 842 1051 Ciceronem
860 973 1018 1053 babetur
1036 1005 1045 1052 ε
1068 1003 1180 1074 quam
1195 995 1326 1055 contra

215 1096 414 1167 Christiani
423 1095 564 1165 fontem
581 1095 750 1165 omnium
763 1096 936 1167 vitiorum
954 1098 1158 1188 appellant;
1175 1117 1326 1172 rursus-

215 1231 287 1304 que
308 1211 421 1282 iidem
438 1210 656 1281 modestiam
675 1212 781 1301 quasi
798 1213 946 1283 virtutis
964 1215 1198 1305 splendorem
1214 1220 1326 1289 extol·

215 1330 309 1411 lunt,
327 1327 389 1397 sed
416 1345 490 1396 non
510 1344 592 1396 eam
605 1327 790 1417 prolecto,
814 1348 896 1418 quaa
912 1330 1027 1398 animi
1043 1350 1177 1402 nervos
1197 1333 1320 1404 elidat.

216 1447 319 1518 Alter
333 1446 433 1517 enim
452 1445 514 1517 ille
528 1464 658 1516 eorum
676 1445 827 1535 Sapiens
840 1448 909 1517 soli
921 1448 1071 1539 quidem
1088 1469 1127 1521 se
1146 1451 1221 1521 Deo
1237 1450 1328 1521 sub—

214 1562 352 1644 mittit,
388 1562 453 1633 sed
470 1582 545 1652 quo
562 1561 693 1632 fortius
710 1561 884 1632 adversus
904 1563 1073 1635 homines
1090 1575 1154 1636 aut
1181 1575 1326 1656 tempo-

212 1698 298 1749 rum
328 1678 586 1771 iniquitatem,
617 1677 648 1748 si
664 1677 790 1767 iussus
816 1677 954 1761 fuerit,
986 1680 1200 1752 reluctetur.
1228 1682 1325 1753 Dum

211 1794 326 1882 igitur
340 1792 492 1875 Seneca,
509 1793 692 1882 multique
708 1792 834 1873 Stoici,
852 1794 972 1864 verbis
989 1804 1098 1866 tenus
1114 1797 1265 1878 feroces,
1285 1816 1326 1867 re

213 1927 299 1979 vero
317 1909 459 1990 timidi,
479 1915 724 1995 tyrannorum
741 1906 959 1979 libidinibus
977 1911 1219 1994 inservirent,
1238 1931 1326 2001 pue·

212 2044 272 2095 ros
289 2024 431 2095 interea
445 2024 580 2106 videas,
594 2023 905 2113 mulierculasque
921 2044 988 2114 pro
1002 2024 1139 2096 Christi
1148 2026 1325 2113 religione

211 2144 369 2212 mortem
398 2141 543 2211 sortiter
575 2139 766 2211 adeuntes.
800 2139 874 2209 Nec
899 2140 1042 2210 mirum
1068 2141 1107 2211 id
1136 2142 1318 2231 prolecto:

210 2258 317 2346 pauci
331 2265 434 2339 snut,
452 2257 515 2350 qui
532 2257 787 2326 sublimiorem
799 2274 881 2324 eam
899 2256 1057 2345 propriis
1074 2256 1214 2327 viribus
1228 2256 1328 2326 Stoi..

210 2392 339 2443 eorum
366 2371 612 2442 constantiam
630 2371 776 2461 assequi
796 2370 956 2459 possint;
987 2370 1075 2440 dum
1095 2381 1224 2442 contra
1243 2392 1323 2443 om-

212 2486 321 2557 nibus
339 2486 405 2556 Dei
423 2486 628 2555 subsidium
643 2495 753 2575 patet.
965 2563 967 2567 ‚

262 2602 331 2674 Sed
348 2619 429 2672 eam
457 2604 652 2692 plusquam
678 2602 878 2671 humanam
900 2601 1136 2689 superbiam,
1156 2602 1322 2671 firmissi-

212 2739 316 2789 mum
340 2718 468 2790 Stoicae
490 2718 634 2787 virtutis
655 2717 927 2798 fulcimentum,
948 2735 1033 2785 curn
1049 2718 1163 2787 ferme
1182 2717 1322 2787 nemini

212 2833 382 2903 sulficere
397 2835 474 2922 ipse
488 2834 660 2903 sensisset
676 2831 817 2915 Cicero,
831 2842 911 2902 tum
922 2852 1020 2915 eum,
1033 2834 1196 2905 Panaetio
1214 2835 1319 2915 duce,

212 2949 371 3020 mediam
404 2947 737 3019 indebonestatem
756 2948 801 3017 ad
825 2948 1038 3037 popularem
1055 2969 1165 3019 usum
1188 2958 1323 3038 tempe·

212 3085 294 3136 rare
320 3065 498 3147 vidimus,
521 3065 682 3154 undique
710 3065 887 3135 utilitates
911 3064 1017 3145 vitae,
1046 3066 1151 3153 quasi
1176 3065 1323 3134 virtutis

213 3180 394 3266 subsidia,
415 3190 673 3271 apponentem.
692 3178 729 3250 Si
752 3179 975 3250 conscientia
994 3200 1060 3271 per
1075 3199 1116 3251 se
1130 3182 1228 3271 apud
1244 3182 1323 3271 ple-

212 3314 350 3387 rosque
375 3296 474 3366 haud
497 3296 584 3366 satis
603 3296 745 3378 valeat,
771 3305 852 3366 tum
871 3294 1105 3367 adhibebitur
1125 3296 1171 3366 ad
1188 3296 1324 3367 confir-

212 3411 386 3482 mandam
396 3412 475 3500 ejus
490 3411 746 3482 auctoritatem
766 3412 961 3482 bominum
973 3412 1109 3503 opinio.
1125 3413 1232 3483 Haud
1243 3432 1322 3484 ma-

210 3530 272 3618 jus
290 3545 378 3614 ergo
394 3526 540 3597 virtutis
555 3527 750 3616 praemium
758 3526 899 3597 Tullius
911 3528 1195 3615 excogitaverat,
1210 3547 1323 3618 quam

213 3645 245 3714 si
260 3643 406 3732 sapiens
425 3641 462 3710 in
490 3641 699 3731 spectaculo
723 3643 888 3730 positus,
916 3643 1012 3731 vulgi
1043 3643 1326 3717 admirationem

213 3759 393 3830 moveret!
425 3755 521 3843 Quid
542 3764 666 3828 autem
682 3776 725 3827 ea
744 3758 861 3828 virtus
876 3758 1053 3848 proficere
1071 3759 1204 3849 potuit,
1224 3778 1321 3850 quae,

213 3894 298 3966 cum
330 3873 375 3943 ad
408 3871 569 3944 sananda
596 3872 925 3964 componendaque
952 3874 1129 3944 interiora
1162 3875 1324 3945 hominis

212 3989 418 4061 adhibenda
437 3998 551 4072 esset,
575 3997 676 4058 entra
691 3989 901 4078 spectabat,
924 4009 966 4059 ae
982 3989 1097 4059 ferme
1112 3998 1189 4061 tota
1200 3990 1248 4060 ad
1262 4009 1324 4061 os-

211 4106 452 4177 tentatione-m
469 4105 522 4174 sic
538 4104 792 4175 referebatur?
811 4106 876 4175 lsti
894 4106 1046 4195 quidem
1059 4107 1242 4195 sapientes
1266 4105 1324 4199 (ut

212 4220 324 4298 sacris
334 4219 453 4289 verbis
468 4222 568 4308 utar)
586 4248 598 4278 a
612 4220 808 4307 qaiaeretont
823 4242 891 4290 uoti
905 4223 1000 4309 aprici
1013 4222 1146 4304 Deum,
1160 4222 1221 4291 aad
1231 4225 1326 4310 apud
