2984 4750
599 269 787 340 ,ῃ-

192 436 1251 526 HdwmufflmwfflmmfflmmMmmmuu

145 552 333 636 formavit,
359 561 401 622 ut
425 556 530 621 suam
554 552 657 641 sequi
686 562 878 634 naturam,
906 550 1251 641 praestantioresque

144 668 259 737 animi
284 668 474 738 facultates
496 668 540 736 ad
564 687 672 737 usum
692 666 854 756 aliquem
877 675 1036 755 nequeat
1058 666 1251 748 adhibere,

144 783 215 850 nisi
247 782 404 871 quadam
438 781 584 852 vivendi
614 781 788 852 societate
814 800 900 851 cum
928 781 1010 850 aliis
1040 780 1253 851 hominibus

144 897 365 986 conjunctus
387 897 524 965 luerit:
547 896 717 985 princeps
738 895 853 983 igitur
878 896 1046 965 omnium
1073 896 1252 965 virtutum

143 1012 289 1080 iustitio
303 1021 372 1092 est,
392 1031 465 1103 qua
482 1011 603 1081 omnis
628 1011 823 1081 hominum
847 1012 944 1081 inter
962 1012 1061 1101 ipsos
1078 1010 1251 1092 societas,

145 1134 182 1196 et
199 1125 303 1215 quasi
321 1126 403 1195 vitae
420 1125 667 1196 communitas
684 1126 908 1196 continetur.

195 1241 337 1310 Gradus
354 1250 478 1311 autem
495 1241 619 1330 plures
636 1250 723 1310 sunt
740 1239 925 1311 societatis
942 1241 1149 1314 hominum.
1170 1244 1254 1314 Arc-

67 1435 71 1442 ,
146 1356 219 1425 tior
249 1355 399 1443 quidem
436 1355 609 1445 priorque
649 1355 834 1443 colligatio
874 1356 1061 1426 societatis
1095 1358 1134 1427 in
1173 1359 1253 1448 ipso

145 1467 309 1558 coujupio
322 1479 377 1539 est
399 1492 407 1539 ε
432 1470 597 1559 proxima
615 1470 652 1538 in
672 1469 809 1551 tiberis,
831 1470 917 1559 qui,
938 1490 1024 1539 oum
1040 1471 1255 1542 adolescen-

147 1593 202 1653 tes
220 1603 294 1652 una
316 1583 424 1653 domo
449 1584 525 1672 jam
542 1585 623 1673 capi
642 1604 716 1654 non
741 1594 912 1673 possunt,
935 1585 974 1653 in
994 1586 1083 1656 alias
1101 1587 1252 1670 domos,

148 1716 294 1786 semper
313 1706 435 1767 tamen
455 1698 644 1768 communi
664 1699 763 1768 inter
779 1719 817 1768 se
842 1699 989 1769 vinculo
1015 1701 1252 1790 conjunctas,

148 1821 292 1881 exeunt.
315 1812 527 1902 Sequuntur
542 1814 739 1903 offirtitutes,
756 1835 798 1885 ex
816 1816 951 1905 quibus
969 1818 1093 1905 plures
1110 1818 1256 1907 propin-

148 1926 225 2015 qui.
244 1926 334 2013 Quae
353 1928 565 2016 propagatio
582 1938 619 1998 et
635 1929 778 1999 soboles
794 1931 1018 2021 principium
1034 1941 1089 2001 est
1107 1933 1205 2001 urbis
1218 1945 1255 2003 et

148 2041 251 2130 origo
279 2042 506 2131 lleipubticoe,
533 2063 616 2132 quae
641 2043 811 2115 homines
836 2045 1003 2134 ejusdem
1032 2047 1169 2133 gentis,
1189 2068 1256 2115 na-

148 2154 279 2236 tioniS,
300 2154 434 2243 linguae
452 2156 624 2227 societate
650 2160 919 2247 complectitur.
943 2159 1077 2229 Omnia
1096 2160 1256 2249 denique

149 2269 1257 2361 omommrmcmwmmmmutmenmommumm

149 2388 281 2455 domus
309 2387 511 2469 consortio,
541 2388 742 2479 majoribus
776 2390 882 2478 quasi
911 2389 1063 2459 orbibus
1096 2391 1258 2461 circum-

150 2502 286 2582 ducta,
318 2501 467 2570 tandem
497 2503 542 2570 ad
580 2506 796 2573 'mmensam
824 2504 937 2574 totius
966 2504 1119 2575 humani
1145 2525 1256 2593 gene·

151 2617 203 2685 ris
226 2616 437 2686 societatem
463 2618 681 2689 extendatur
706 2619 874 2706 quaedam
896 2619 1064 2689 utilitatis
1089 2640 1258 2690 commu—

151 2733 259 2803 nitas,

202 2851 362 2921 Diversis
380 2870 421 2920 ex
443 2850 500 2920 his
515 2851 698 2921 societatis
718 2853 924 2923 rationibus
945 2854 1070 2923 omnia
1087 2854 1260 2925 oriuntur

154 2968 294 3056 privata
319 2967 539 3058 publicaque
557 2966 714 3037 iustitiae
736 2968 876 3051 officia3
899 2988 998 3057 quae,
1018 2968 1185 3058 quamvis
1200 2967 1261 3037 in-

155 3082 276 3166 finita,
297 3083 335 3153 in
358 3102 440 3152 eam
459 3083 680 3153 sententiam
700 3086 799 3171 cogit
807 3082 951 3161 Cicero,
967 3093 1006 3152 ut
1019 3084 1141 3173 cuique
1157 3101 1261 3150 suum

153 3182 345 3281 tribuatur,
374 3200 614 3289 communique
650 3198 863 3267 inserviatur
895 3197 1040 3266 utilitati
1052 3226 1061 3279 ς
1093 3195 1261 3265 homines

155 3313 254 3382 enim
274 3313 466 3382 hominum
493 3333 602 3383 causa
626 3332 704 3382 esse
723 3321 935 3400 generatos,
957 3323 997 3380 ut
1021 3311 1090 3400 ipsi
1109 3311 1206 3380 inter
1222 3328 1262 3379 se

155 3428 238 3497 aliis
255 3428 317 3496 alii
336 3425 507 3519 prodesse
523 3438 672 3519 possent
692 3428 753 3522 (l,
774 3426 832 3523 7).

205 3543 329 3630 Quum
353 3562 439 3614 vero
460 3543 581 3633 operis
605 3542 720 3613 nostri
737 3542 917 3630 angustiis
934 3540 1193 3630 prohibemur,
1214 3562 1260 3616 ne

154 3659 195 3726 in
213 3658 311 3727 varia
329 3677 371 3727 ea
391 3658 596 3728 officiorum
623 3653 885 3747 descriptione,
917 3655 1068 3747 propius
1093 3666 1262 3727 nostrum

157 3794 357 3864 sequamur
376 3784 584 3855 auctorem,
605 3793 721 3863 pauca
747 3782 894 3842 tantum
922 3773 1143 3853 referemus,
1160 3771 1263 3841 ,unde

156 3889 395 3958 manifestum
414 3897 697 3977 appareat,·quo
723 3907 840 3977 nsque
864 3887 1042 3956 moralem
1058 3884 1263 3956 doctrinam

157 3997 1264 4095 mmmmewmmmfflmmmmmmm

157 4117 327 4209 partibus
344 4117 754 4208 disputat,legentibus,
774 4115 916 4185 eximie
930 4112 1120 4182 sententiae
1134 4131 1266 4184 occur-

156 4240 267 4316 runt,
282 4232 456 4330 quaeljam
476 4231 598 4301 nescio
618 4228 919 4319 quidChristiani
938 4226 1104 4297 redolere
1121 4226 1266 4296 ridean-
