2984 4750
729 211 919 301 ..stl-

260 404 333 475 que
343 386 539 459 Carneadis
552 395 589 457 et
600 385 771 455 Arcesilai
784 386 990 478 doctrinam
1001 386 1046 459 ad
1061 388 1286 469 Platonicam
1299 381 1376 469 ori-

261 502 384 589 ginem
400 521 571 573 revocare
589 500 843 569 conabantur:
862 510 899 569 et
912 500 1078 590 quaedam
1098 503 1228 575 saltem
1241 504 1377 594 quibus

261 617 435 704 sapientis
451 617 523 689 vita
538 624 730 704 regeretur
744 615 947 704 probabilia
964 635 1043 686 esse
1057 617 1261 689 voluerant.
1276 618 1376 704 Quos

262 731 374 802 duces
382 731 520 821 itaque,
535 730 1011 818 incaeterisquaestiouibus,
1022 731 1255 820 potissimum
1265 741 1377 813 secta-

262 845 371 916 batur
389 843 537 933 Gicer03
558 845 612 913 illi
630 863 764 932 nempe
778 845 879 925 viro,
899 865 1009 935 quem
1026 846 1119 915 adeo
1136 864 1281 936 semper
1299 866 1377 925 tuo-
1429 902 1431 905 ψ

262 959 461 1030 derationis
492 968 678 1031 amantem
702 958 890 1042 novimus,
921 978 962 1028 ea
986 959 1024 1037 in
1052 960 1183 1050 primis
1209 960 1378 1050 placebat

262 1073 542 1165 philosophandi
573 1073 833 1154 mediocritas,
876 1091 959 1162 quae
990 1073 1154 1144 medium
1185 1075 1377 1162 'quoddam

263 1190 467 1263 contrarias
489 1189 586 1258 inter
624 1197 808 1259 sectarum
830 1188 1022 1277 opiniones
1054 1190 1244 1262 retineret.
1277 1190 1377 1269 Atat

264 1306 352 1397 quid
364 1307 442 1395 jam
460 1304 504 1377 de
519 1304 591 1372 vita
609 1302 896 1393 moribusquein
910 1302 1199 1392 disputationem
1213 1306 1305 1385 torte
1319 1305 1376 1374 in-

264 1420 481 1500 tercideret,
512 1427 590 1487 tum
615 1427 757 1487 remota
769 1417 984 1501 Academica
997 1417 1250 1501 dubitatione,
1276 1420 1375 1495 idem

264 1535 416 1606 stoicam
447 1534 622 1603 virtutem
655 1532 740 1602 totis
778 1532 916 1601 viribus
935 1533 1236 1621 amplectebatur,
1271 1535 1376 1604 ador·

265 1649 375 1723 nabat
407 1648 636 1738 eloquentia,
665 1657 701 1716 et
731 1646 934 1731 tuebatur:
966 1664 1078 1735 seque
1102 1656 1220 1716 totum
1242 1648 1287 1727 ad
1312 1649 1379 1727 tir-

265 1764 422 1833 miorem
430 1758 617 1830 Posidonii
630 1760 688 1829 sui
701 1759 934 1849 disciplinam
945 1762 1194 1843 convertebat,
1211 1763 1379 1850 quaesola

267 1884 322 1946 tot
339 1877 436 1944 inter
452 1875 600 1956 ruinas,
622 1874 760 1962 aliquid
774 1873 865 1943 certi
880 1893 1042 1945 servasse
1055 1874 1258 1959 videbatur.

316 1991 382 2060 lll.
407 1990 504 2060 Dura
522 1991 579 2059 lex
596 1999 676 2059 erat
694 1988 916 2071 Stoicorum,
937 1991 1144 2078 acerbaque
1163 1991 1305 2067 vivendi
1318 1991 1379 2060 inm

268 2106 431 2187 stituti03
449 2113 487 2174 at
501 2104 626 2174 solidis
647 2107 777 2185 saltem
792 2123 835 2173 ea
852 2109 992 2199 lippara
1002 2105 1232 2173 innitebatur
1249 2129 1256 2172 :
1276 2125 1379 2187 eam-

266 2242 340 2315 que
365 2232 541 2310 tanquam
560 2220 730 2303 stabilem
756 2238 887 2308 rupem
923 2237 1057 2305 magno
1077 2220 1201 2289 animo
1226 2240 1379 2309 prensa-

267 2337 357 2406 bant
378 2336 604 2425 quicumque
626 2335 679 2404 sic
710 2336 746 2402 in
774 2334 886 2404 dubio
907 2334 1085 2416 fluctuare
1115 2335 1256 2408 diutius
1281 2354 1379 2423 aegrc

268 2452 416 2528 ferrent.

316 2564 499 2635 Caeterum
528 2563 647 2633 Stoica
670 2564 864 2633 austeritas
890 2564 1076 2653 aptissime
1095 2583 1182 2633 cum
1204 2564 1379 2646 Romanae

267 2679 401 2749 indolis
425 2678 600 2765 gravitate
627 2678 864 2764 congruebat.
905 2678 1078 2750 Romanis
1101 2679 1202 2746 enim
1234 2697 1380 2747 summa

267 2794 384 2862 virtus
404 2792 608 2861 habebatur
632 2792 671 2860 in
690 2791 889 2861 obtinenda
907 2793 1022 2861 animi
1045 2794 1250 2862 constantia
1272 2793 1380 2862 habi-

267 2918 401 2997 tusque
419 2908 607 2994 dignitate.
632 2907 757 2995 Neque
777 2908 920 2995 patricii
936 2917 1104 2989 tautum,
1124 2908 1187 2977 sed
1197 2907 1380 2995 ignobiles

267 3043 416 3114 quoque
434 3023 495 3091 isti
516 3031 552 3091 et
572 3042 615 3091 ex
637 3022 765 3090 infimo
788 3022 916 3090 ordine
936 3024 1126 3104 homines,
1154 3022 1218 3111 qui
1234 3041 1271 3090 se
1285 3040 1381 3109 quo-

268 3139 357 3209 tidie
385 3137 551 3225 gentium
577 3136 747 3211 dominos
781 3137 1033 3225 populumque
1063 3137 1219 3225 imperio
1249 3144 1378 3208 natum

263 3253 445 3343 appellari
470 3250 694 3332 audiebant,
715 3252 760 3319 ad
783 3251 1036 3321 sustinendam
1056 3273 1138 3321 eam
1158 3267 1376 3341 personam,

263 3366 458 3454 magnifice
474 3365 616 3434 vultum
628 3416 636 3446 ,
648 3384 793 3446 vocem,
810 3384 952 3454 pannos
962 3366 1242 3456 componebant.
1257 3365 1378 3450 Quam

262 3481 308 3550 ad
323 3479 499 3550 tuendam
509 3478 726 3565 dignitatem
740 3480 895 3568 apueris
908 3482 1219 3567 instituebantur:
1232 3498 1379 3567 semper

265 3595 370 3665 Bruti
387 3593 591 3682 Regulique
617 3596 826 3683 exemplum
847 3595 917 3664 sibi
941 3605 1026 3665 ante
1050 3597 1177 3665 oculos
1201 3612 1381 3682 propone-

265 3711 375 3799 bant;
388 3728 507 3798 neque
528 3709 616 3778 satis
629 3708 671 3795 Q.
687 3709 899 3792 Maximill.
907 3729 948 3778 ve
957 3708 1104 3784 Catonis
1119 3708 1377 3788 fortitudinem

266 3827 345 3895 sine
364 3825 452 3893 fletu
477 3823 572 3892 filios
592 3824 805 3893 consulares
822 3819 1053 3896 efferentium
1070 3832 1241 3912 poterant
1257 3821 1374 3892 admi·

266 3942 352 4011 rari.
379 3940 568 4026 Quantum
600 3940 713 4027 igitur
750 3938 934 4008 ferocibus
968 3937 1026 4007 his
1051 3938 1290 4021 hominibuS,
1333 3958 1378 4007 ac

267 4056 471 4148 pracsertim
493 4074 643 4126 morum
662 4062 827 4126 veterum
842 4054 1108 4136 sectatoribus,
1128 4053 1298 4124 sublimis
1314 4053 1379 4122 illa

268 4173 362 4243 Stoae
380 4170 572 4260 disciplina
598 4167 725 4238 debuit
747 4169 969 4259 approbari,
991 4188 1073 4257 quae
1096 4169 1301 4257 sapientem
1318 4188 1379 4239 su-
