2984 4750
668 197 862 275 ..gg-

214 362 279 437 ilei
298 374 421 459 peries
436 372 475 438 et
490 366 595 457 qnasi
619 366 786 435 membra
811 381 914 434 esse:
933 361 1153 450 singulaque
1168 380 1236 449 pro
1252 380 1319 429 ma

211 488 315 573 pirric
341 478 471 553 ordino
498 480 659 562 moveri,
678 489 717 549 et
741 478 788 548 ad
813 477 974 548 universi
995 476 1228 546 harmoniam
1244 495 1318 545 una

211 610 344 667 cancre
360 594 512 677 debera
523 602 655 665 caetera
668 601 794 664 autem
802 611 899 663 eaeoo
911 593 1068 681 impetu,
1082 609 1319 679 quocumque

210 724 443 799 nttnqmnqne
454 716 584 779 natura
603 707 708 791 ierat,
723 726 875 777 cursum
884 706 990 794 sequi
1005 726 1014 773 :
1031 705 1222 774 hominem
1233 723 1319 773 vero

211 838 328 895 nnnm
344 820 497 893 rationis
515 820 730 913 participem
741 822 881 891 iactum
901 822 1011 890 inisse
1024 873 1034 902 ,
1049 827 1093 890 ut
1110 820 1189 908 ipse
1203 819 1318 888 oculis

212 938 527 1031 contempinretnr
542 954 667 1009 rorum
687 935 854 1007 omnium
875 935 1065 1005 veritatem
1090 943 1202 1023 atque
1217 933 1319 1003 ordi-

212 1070 317 1137 nem,
336 1058 374 1125 ct
403 1070 460 1136 se,
489 1059 670 1143 quantam
693 1048 772 1122 lieri
796 1050 930 1140 possit,
963 1050 1007 1119 ad
1032 1047 1070 1117 id
1097 1056 1229 1137 sponte
1252 1067 1318 1117 sua

213 1172 444 1257 compararet
458 1164 526 1263 (i).
550 1165 640 1237 inde
655 1164 924 1235 concludebant
938 1164 1124 1253 sapim
1142 1170 1262 1231 totum
1278 1162 1318 1230 in

212 1280 438 1373 criminando
455 1300 535 1353 csse
552 1278 700 1363 debere,
715 1279 850 1370 quibus
869 1288 1010 1348 naturae
1027 1297 1102 1347 snae
1116 1277 1261 1365 legibus
1274 1275 1319 1345 ad

213 1396 442 1489 prtqanitnm
456 1396 581 1478 linem,
596 1416 681 1467 cum
697 1412 843 1467 summa
860 1394 1026 1464 omnium
1040 1412 1168 1462 rerum
1183 1392 1315 1472 salute,

214 1508 325 1583 ntimo
339 1508 486 1601 perduci
504 1518 646 1601 posset3
662 1526 947 1599 supremamque
959 1527 1041 1578 eam
1053 1526 1133 1577 esse
1145 1507 1320 1579 vinnon.

214 1628 243 1697 ni
262 1622 346 1717 quin
363 1622 529 1697 cumdem
548 1640 629 1695 eam
648 1631 818 1693 naturam
830 1623 976 1711 penitus
991 1622 1176 1709 cognitam
1190 1619 1320 1689 ducent

213 1747 442 1833 notqnmninr.

264 1852 343 1941 Qun
362 1850 511 1944 qnidcm
538 1852 707 1923 doctrina
728 1853 780 1922 nil
804 1853 924 1940 majus
947 1852 1123 1922 hactenns
1144 1853 1323 1922 severius

214 1965 370 2039 inveniri
387 1972 516 2057 pnmst.
540 1964 609 2037 Sed
626 1966 738 2037 iidem
760 1966 814 2036 illi
830 1966 1013 2055 magistri,
1033 1967 1097 2057 qui
1115 1967 1322 2036 nniversam

214 2078 356 2151 viventii
375 2080 492 2165 ingmn
516 2078 606 2151 adeo
621 2079 749 2151 subtili
771 2080 912 2171 iudicio
935 2081 1169 2162 definierant,
1191 2081 1230 2149 iu
1247 2081 1323 2149 sin-

215 2196 385 2283 gninrnm
413 2194 489 2285 inm
519 2194 787 2267 elomentorum
818 2196 1096 2286 disquisitione,
1125 2197 1324 2285 exquibus

215 2306 376 2382 imminit
407 2317 550 2382 trinitat
579 2317 730 2393 natura,
759 2330 779 2380 a
807 2330 891 2383 vero
922 2330 1017 2402 soepe
1044 2312 1317 2382 aberraverunt.

215 2423 338 2512 Qntnn
361 2423 460 2494 enim
482 2422 670 2495 hominem
697 2424 735 2495 in
752 2426 955 2497 contrarias
967 2435 1089 2517 partes
1104 2425 1320 2498 distractum

215 2535 401 2622 tidmnnt,
426 2537 600 2628 intusque
616 2556 742 2610 secum
767 2541 858 2611 adeo
878 2541 1104 2623 discordem,
1125 2551 1169 2612 nt
1187 2542 1321 2612 rationi

215 2649 324 2724 tinini
352 2651 540 2742 animique
563 2651 754 2725 affectibus
783 2673 911 2745 parere
935 2655 1124 2742 nequirem
1143 2654 1321 2746 jamque
1375 2697 1378 2702 -

216 2783 301 2836 torn
318 2772 431 2846 essct,
451 2765 489 2834 in
514 2773 617 2836 tanto
634 2765 804 2851 dissidio,
823 2768 1098 2858 ea,qual10mo
1116 2779 1318 2856 regeretur,

217 2879 272 2954 iot
290 2887 431 2952 nntnroe
448 2931 456 2963 ,
476 2878 573 2950 hand
590 2881 677 2952 satis
694 2882 909 2971 dignoscere
928 2891 1140 2971 potuerunt.
1172 2884 1317 2970 Quare,

217 3009 429 3086 quanquam
440 2993 897 3087 rnuitoediversaeqnesnnt
906 2996 945 3066 in
954 2996 1102 3067 homine
1115 2998 1318 3081 facultates,

215 3125 307 3198 qnae
324 3125 391 3177 tna
413 3107 666 3198 proportione
687 3108 850 3197 singulas
867 3110 957 3191 coli,
976 3118 1086 3199 atque
1110 3111 1207 3180 inter
1224 3130 1263 3181 se
1283 3112 1319 3182 iu

216 3235 355 3300 unum,
376 3221 517 3291 ratione
539 3221 644 3310 quasi
669 3223 864 3309 magistra,
889 3224 1062 3313 componi
1078 3244 1227 3314 acquum
1249 3227 1317 3310 sit,

216 3331 381 3404 animum
409 3341 536 3404 contra
562 3334 702 3424 aliquid
730 3354 809 3407 esse
836 3338 987 3427 simplex
1011 3338 1158 3410 voluere
1174 3361 1183 3408 z
1202 3359 1321 3432 neque

215 3445 326 3519 modo
356 3446 544 3521 hominem
561 3450 703 3518 caeteris
724 3451 946 3522 animalibus
963 3454 1106 3524 ratione
1123 3474 1166 3523 ac
1179 3454 1321 3543 judicio

215 3568 410 3653 prestare,
446 3563 509 3632 sed
537 3562 577 3632 in
598 3563 668 3634 hoc
686 3585 761 3637 nno
784 3587 932 3658 qnoque
966 3570 1148 3640 contineri
1164 3591 1172 3639 :
1188 3581 1321 3642 caetera

214 3683 338 3746 antem
356 3676 500 3759 omnia,
518 3679 632 3748 animi
649 3679 790 3752 scilicet
808 3682 959 3752 affectus
976 3693 1040 3753 aut
1057 3687 1223 3774 corporis
1239 3707 1321 3758 mo-

245 4009 279 4072 (i)
289 4005 309 4060 0
322 4010 460 4066 nurnine<
470 4012 575 4069 τὸτέλος
587 4015 648 4061 εἶναι
658 4015 710 4062 εἶπε
724 4017 753 4062 τὸ
766 4015 809 4075 ζῇν
818 4015 953 4079 θεωροῦντα
962 4016 1007 4074 τὴν
1018 4019 1068 4064 τῶν
1077 4016 1142 4065 ὅλων
1156 4016 1268 4076 dinisius
1282 4020 1323 4065 καὶ

213 4086 286 4144 τάξιν,
299 4091 340 4136 καὶ
351 4092 606 4154 συγκατασκευάζοντας
617 4091 690 4141 αὑτὸν
700 4095 763 4141 κατὰ
773 4096 800 4142 τὸ
811 4094 911 4142 δυνατὸν
922 4132 929 4155 ,
940 4097 1003 4142 κατὰ
1014 4095 1087 4156 μηδὲν
1095 4099 1214 4159 ἀγόμενον
1225 4095 1271 4144 ὑπὸ
1278 4098 1322 4145 τοῦ

213 4165 304 4228 ἀλόγου
315 4168 401 4231 pipeti<
410 4168 549 4235 τῆςψύχης.
557 4198 586 4207 -
594 4170 671 4220 Ciam.
683 4171 762 4228 ilex„
774 4174 874 4231 strom..
884 4174 920 4234 ΙΙ,
932 4188 955 4237 p.
967 4178 1021 4225 tto.
