<?xml version="1.0" encoding="UTF-8"?>
<!DOCTYPE html PUBLIC "-//W3C//DTD XHTML 1.0 Transitional//EN"
    "http://www.w3.org/TR/xhtml1/DTD/xhtml1-transitional.dtd">
<html xmlns="http://www.w3.org/1999/xhtml" xml:lang="en" lang="en">
 <head>
  <title>
</title>
<meta http-equiv="Content-Type" content="text/html;charset=utf-8" />
  <meta name='ocr-system' content='tesseract 3.04.00' />
  <meta name='ocr-capabilities' content='ocr_page ocr_carea ocr_par ocr_line ocrx_word'/>
</head>
<body>
  <div class='ocr_page' id='page_1' title='image "./historicademtci00benogoog_0121.png"; bbox 0 0 2984 4750; ppageno 0'>
   <div class='ocr_carea' id='block_1_1' title="bbox 623 252 815 330">
    <p class='ocr_par' dir='ltr' id='par_1_1' title="bbox 623 252 815 330">
     <span class='ocr_line' id='line_1_1' title="bbox 623 252 815 330; baseline -0.016 -17"><span class='ocrx_word' id='word_1_1' title='bbox 623 252 815 330; x_wconf 54' lang='lat'><strong>...¹71-</strong></span> 
     </span>
    </p>
   </div>
   <div class='ocr_carea' id='block_1_2' title="bbox 77 420 1308 3864">
    <p class='ocr_par' dir='ltr' id='par_1_2' title="bbox 154 420 1261 623">
     <span class='ocr_line' id='line_1_2' title="bbox 155 420 1261 516; baseline 0.006 -26"><span class='ocrx_word' id='word_1_2' title='bbox 155 456 168 490; x_wconf 68' lang='grc' dir='ltr'><strong>ι</strong></span> <span class='ocrx_word' id='word_1_3' title='bbox 189 425 344 496; x_wconf 73' lang='lat' dir='ltr'>homiues</span> <span class='ocrx_word' id='word_1_4' title='bbox 354 426 506 515; x_wconf 76' lang='lat' dir='ltr'>plurium</span> <span class='ocrx_word' id='word_1_5' title='bbox 520 453 531 492; x_wconf 94' lang='lat'>.·</span> <span class='ocrx_word' id='word_1_6' title='bbox 546 444 650 514; x_wconf 76' lang='lat' dir='ltr'>uuum</span> <span class='ocrx_word' id='word_1_7' title='bbox 661 446 741 495; x_wconf 81' lang='lat' dir='ltr'>uero</span> <span class='ocrx_word' id='word_1_8' title='bbox 752 428 899 495; x_wconf 75' lang='lat' dir='ltr'>assecuti</span> <span class='ocrx_word' id='word_1_9' title='bbox 913 483 920 511; x_wconf 88' lang='lat'>‚</span> <span class='ocrx_word' id='word_1_10' title='bbox 935 439 1160 516; x_wconf 76' lang='lat' dir='ltr'>perceperunt</span> <span class='ocrx_word' id='word_1_11' title='bbox 1173 420 1261 498; x_wconf 79' lang='lat' dir='ltr'>mer·</span> 
     </span>
     <span class='ocr_line' id='line_1_3' title="bbox 154 542 724 623; baseline -0.016 -11"><span class='ocrx_word' id='word_1_12' title='bbox 154 572 167 603; x_wconf 86' lang='lat'><strong>»</strong></span> <span class='ocrx_word' id='word_1_13' title='bbox 187 543 300 612; x_wconf 84' lang='lat' dir='ltr'>certem</span> <span class='ocrx_word' id='word_1_14' title='bbox 315 559 416 609; x_wconf 80' lang='lat' dir='ltr'>suum</span> <span class='ocrx_word' id='word_1_15' title='bbox 433 595 441 623; x_wconf 88' lang='lat'>,</span> <span class='ocrx_word' id='word_1_16' title='bbox 464 542 549 610; x_wconf 82' lang='lat' dir='ltr'>caut</span> <span class='ocrx_word' id='word_1_17' title='bbox 560 561 724 610; x_wconf 79' lang='lat' dir='ltr'>cauum.»</span> 
     </span>
    </p>

    <p class='ocr_par' dir='ltr' id='par_1_3' title="bbox 77 654 1308 3634">
     <span class='ocr_line' id='line_1_4' title="bbox 201 654 1260 749; baseline 0.003 -24"><span class='ocrx_word' id='word_1_18' title='bbox 201 654 244 747; x_wconf 82' lang='lat' dir='ltr'>At</span> <span class='ocrx_word' id='word_1_19' title='bbox 269 664 466 745; x_wconf 74' lang='lat' dir='ltr'>preterea,</span> <span class='ocrx_word' id='word_1_20' title='bbox 495 674 611 745; x_wconf 88' lang='lat' dir='ltr'>quum</span> <span class='ocrx_word' id='word_1_21' title='bbox 640 674 788 725; x_wconf 87' lang='lat' dir='ltr'>omnem</span> <span class='ocrx_word' id='word_1_22' title='bbox 815 657 961 749; x_wconf 84' lang='lat' dir='ltr'>vivendi</span> <span class='ocrx_word' id='word_1_23' title='bbox 985 657 1260 729; x_wconf 84' lang='lat' dir='ltr'>institutionem</span> 
     </span>
     <span class='ocr_line' id='line_1_5' title="bbox 154 771 1264 863; baseline 0.002 -22"><span class='ocrx_word' id='word_1_24' title='bbox 154 771 356 841; x_wconf 91' lang='lat' dir='ltr'>secundum</span> <span class='ocrx_word' id='word_1_25' title='bbox 377 780 547 841; x_wconf 89' lang='lat' dir='ltr'>naturam</span> <span class='ocrx_word' id='word_1_26' title='bbox 565 772 774 842; x_wconf 81' lang='lat' dir='ltr'>describere</span> <span class='ocrx_word' id='word_1_27' title='bbox 790 772 991 843; x_wconf 88' lang='lat' dir='ltr'>voluissent</span> <span class='ocrx_word' id='word_1_28' title='bbox 1004 771 1128 855; x_wconf 86' lang='lat' dir='ltr'>Stoici,</span> <span class='ocrx_word' id='word_1_29' title='bbox 1145 775 1264 863; x_wconf 89' lang='lat' dir='ltr'>qualis</span> 
     </span>
     <span class='ocr_line' id='line_1_6' title="bbox 152 888 1257 978; baseline 0.007 -28"><span class='ocrx_word' id='word_1_30' title='bbox 152 907 237 956; x_wconf 88' lang='lat' dir='ltr'>vero</span> <span class='ocrx_word' id='word_1_31' title='bbox 256 897 351 957; x_wconf 90' lang='lat' dir='ltr'>esset</span> <span class='ocrx_word' id='word_1_32' title='bbox 369 907 411 956; x_wconf 89' lang='lat' dir='ltr'>ea</span> <span class='ocrx_word' id='word_1_33' title='bbox 429 888 589 957; x_wconf 90' lang='lat' dir='ltr'>hominis</span> <span class='ocrx_word' id='word_1_34' title='bbox 605 899 735 957; x_wconf 85' lang='lat' dir='ltr'>natura</span> <span class='ocrx_word' id='word_1_35' title='bbox 757 944 764 968; x_wconf 86' lang='lat'><strong>‚</strong></span> <span class='ocrx_word' id='word_1_36' title='bbox 784 908 856 957; x_wconf 90' lang='lat' dir='ltr'>non</span> <span class='ocrx_word' id='word_1_37' title='bbox 883 890 970 957; x_wconf 90' lang='lat' dir='ltr'>satis</span> <span class='ocrx_word' id='word_1_38' title='bbox 988 900 1257 978; x_wconf 86' lang='lat' dir='ltr'>perspexerant.</span> 
     </span>
     <span class='ocr_line' id='line_1_7' title="bbox 153 1002 1263 1092; baseline 0.002 -20"><span class='ocrx_word' id='word_1_39' title='bbox 153 1002 244 1089; x_wconf 88' lang='lat' dir='ltr'>Quis</span> <span class='ocrx_word' id='word_1_40' title='bbox 260 1004 360 1072; x_wconf 91' lang='lat' dir='ltr'>enim</span> <span class='ocrx_word' id='word_1_41' title='bbox 378 1005 587 1085; x_wconf 85' lang='lat' dir='ltr'>hominem,</span> <span class='ocrx_word' id='word_1_42' title='bbox 615 1005 702 1073; x_wconf 90' lang='lat' dir='ltr'>hinc</span> <span class='ocrx_word' id='word_1_43' title='bbox 723 1004 814 1074; x_wconf 86' lang='lat' dir='ltr'>aden</span> <span class='ocrx_word' id='word_1_44' title='bbox 831 1023 1025 1092; x_wconf 89' lang='lat' dir='ltr'>magnum,</span> <span class='ocrx_word' id='word_1_45' title='bbox 1052 1004 1155 1073; x_wconf 90' lang='lat' dir='ltr'>illinc</span> <span class='ocrx_word' id='word_1_46' title='bbox 1173 1006 1263 1075; x_wconf 89' lang='lat' dir='ltr'>adeo</span> 
     </span>
     <span class='ocr_line' id='line_1_8' title="bbox 152 1118 1262 1207; baseline 0.004 -21"><span class='ocrx_word' id='word_1_47' title='bbox 152 1118 399 1200; x_wconf 88' lang='lat' dir='ltr'>imbecillum,</span> <span class='ocrx_word' id='word_1_48' title='bbox 423 1119 608 1207; x_wconf 84' lang='lat' dir='ltr'>simuique</span> <span class='ocrx_word' id='word_1_49' title='bbox 625 1128 679 1188; x_wconf 87' lang='lat' dir='ltr'>tot</span> <span class='ocrx_word' id='word_1_50' title='bbox 697 1119 892 1189; x_wconf 79' lang='lat' dir='ltr'><strong>contrariis</strong></span> <span class='ocrx_word' id='word_1_51' title='bbox 906 1118 1096 1189; x_wconf 81' lang='lat' dir='ltr'>affectibus</span> <span class='ocrx_word' id='word_1_52' title='bbox 1112 1119 1262 1190; x_wconf 87' lang='lat' dir='ltr'>distrac-</span> 
     </span>
     <span class='ocr_line' id='line_1_9' title="bbox 153 1226 1261 1325; baseline 0.003 -24"><span class='ocrx_word' id='word_1_53' title='bbox 153 1241 256 1315; x_wconf 90' lang='lat' dir='ltr'>tum,</span> <span class='ocrx_word' id='word_1_54' title='bbox 274 1233 453 1315; x_wconf 90' lang='lat' dir='ltr'>enodare,</span> <span class='ocrx_word' id='word_1_55' title='bbox 469 1244 510 1302; x_wconf 88' lang='lat' dir='ltr'>ut</span> <span class='ocrx_word' id='word_1_56' title='bbox 528 1226 576 1301; x_wconf 85' lang='lat' dir='ltr'>iia</span> <span class='ocrx_word' id='word_1_57' title='bbox 596 1235 730 1314; x_wconf 89' lang='lat' dir='ltr'>dicam,</span> <span class='ocrx_word' id='word_1_58' title='bbox 748 1233 876 1315; x_wconf 87' lang='lat' dir='ltr'>valeat,</span> <span class='ocrx_word' id='word_1_59' title='bbox 894 1233 964 1302; x_wconf 91' lang='lat' dir='ltr'>nisi</span> <span class='ocrx_word' id='word_1_60' title='bbox 979 1234 1083 1322; x_wconf 85' lang='lat' dir='ltr'>prins</span> <span class='ocrx_word' id='word_1_61' title='bbox 1099 1235 1199 1325; x_wconf 90' lang='lat' dir='ltr'>quod</span> <span class='ocrx_word' id='word_1_62' title='bbox 1215 1236 1261 1303; x_wconf 91' lang='lat' dir='ltr'>ab</span> 
     </span>
     <span class='ocr_line' id='line_1_10' title="bbox 152 1348 1308 1445; baseline 0.001 -27"><span class='ocrx_word' id='word_1_63' title='bbox 152 1348 294 1437; x_wconf 83' lang='lat' dir='ltr'>origine</span> <span class='ocrx_word' id='word_1_64' title='bbox 313 1349 443 1418; x_wconf 92' lang='lat' dir='ltr'>mundi</span> <span class='ocrx_word' id='word_1_65' title='bbox 459 1351 504 1419; x_wconf 91' lang='lat' dir='ltr'>de</span> <span class='ocrx_word' id='word_1_66' title='bbox 522 1349 666 1438; x_wconf 88' lang='lat' dir='ltr'>generis</span> <span class='ocrx_word' id='word_1_67' title='bbox 678 1349 835 1445; x_wconf 87' lang='lat' dir='ltr'>humani</span> <span class='ocrx_word' id='word_1_68' title='bbox 850 1349 931 1419; x_wconf 88' lang='lat' dir='ltr'>labe</span> <span class='ocrx_word' id='word_1_69' title='bbox 950 1349 1121 1432; x_wconf 89' lang='lat' dir='ltr'>traditur,</span> <span class='ocrx_word' id='word_1_70' title='bbox 1141 1350 1260 1419; x_wconf 91' lang='lat' dir='ltr'>admi·</span> <span class='ocrx_word' id='word_1_71' title='bbox 1303 1388 1308 1403; x_wconf 92' lang='lat'>·</span> 
     </span>
     <span class='ocr_line' id='line_1_11' title="bbox 151 1455 1273 1558; baseline 0.002 -25"><span class='ocrx_word' id='word_1_72' title='bbox 151 1465 240 1534; x_wconf 89' lang='lat' dir='ltr'>serit</span> <span class='ocrx_word' id='word_1_73' title='bbox 257 1462 308 1558; x_wconf 83' lang='lat'>(1)</span> <span class='ocrx_word' id='word_1_74' title='bbox 326 1487 333 1532; x_wconf 94' lang='lat'>:</span> <span class='ocrx_word' id='word_1_75' title='bbox 352 1463 540 1534; x_wconf 84' lang='lat' dir='ltr'>hominem</span> <span class='ocrx_word' id='word_1_76' title='bbox 553 1466 714 1547; x_wconf 84' lang='lat' dir='ltr'>scilicet,</span> <span class='ocrx_word' id='word_1_77' title='bbox 733 1475 929 1554; x_wconf 78' lang='lat' dir='ltr'><strong>postquam</strong></span> <span class='ocrx_word' id='word_1_78' title='bbox 947 1466 1109 1553; x_wconf 92' lang='lat' dir='ltr'>primum</span> <span class='ocrx_word' id='word_1_79' title='bbox 1126 1466 1171 1534; x_wconf 90' lang='lat' dir='ltr'>ad</span> <span class='ocrx_word' id='word_1_80' title='bbox 1185 1455 1273 1535; x_wconf 61' lang='lat' dir='ltr'>effi?</span> 
     </span>
     <span class='ocr_line' id='line_1_12' title="bbox 152 1579 1256 1669; baseline 0.003 -21"><span class='ocrx_word' id='word_1_81' title='bbox 152 1579 248 1667; x_wconf 88' lang='lat' dir='ltr'>giem</span> <span class='ocrx_word' id='word_1_82' title='bbox 258 1580 324 1649; x_wconf 89' lang='lat' dir='ltr'>Dei</span> <span class='ocrx_word' id='word_1_83' title='bbox 334 1589 479 1650; x_wconf 87' lang='lat' dir='ltr'>creatus</span> <span class='ocrx_word' id='word_1_84' title='bbox 489 1591 598 1662; x_wconf 90' lang='lat' dir='ltr'>esset,</span> <span class='ocrx_word' id='word_1_85' title='bbox 608 1600 691 1650; x_wconf 83' lang='lat' dir='ltr'>mox</span> <span class='ocrx_word' id='word_1_86' title='bbox 701 1601 743 1650; x_wconf 87' lang='lat' dir='ltr'>ex</span> <span class='ocrx_word' id='word_1_87' title='bbox 754 1601 797 1650; x_wconf 87' lang='lat' dir='ltr'>eo</span> <span class='ocrx_word' id='word_1_88' title='bbox 807 1581 1256 1669; x_wconf 81' lang='lat' dir='ltr'>nativaevirtutisiastigio,</span> 
     </span>
     <span class='ocr_line' id='line_1_13' title="bbox 150 1694 1260 1785; baseline 0.004 -22"><span class='ocrx_word' id='word_1_89' title='bbox 150 1694 250 1785; x_wconf 90' lang='lat' dir='ltr'>quod</span> <span class='ocrx_word' id='word_1_90' title='bbox 263 1694 482 1785; x_wconf 84' lang='lat' dir='ltr'>obsequium</span> <span class='ocrx_word' id='word_1_91' title='bbox 496 1696 779 1775; x_wconf 79' lang='lat' dir='ltr'>detrectaverat,</span> <span class='ocrx_word' id='word_1_92' title='bbox 793 1696 1028 1767; x_wconf 83' lang='lat' dir='ltr'>deturbatum</span> <span class='ocrx_word' id='word_1_93' title='bbox 1045 1697 1175 1776; x_wconf 82' lang='lat' dir='ltr'>inisse:</span> <span class='ocrx_word' id='word_1_94' title='bbox 1196 1698 1260 1767; x_wconf 89' lang='lat' dir='ltr'>sed</span> 
     </span>
     <span class='ocr_line' id='line_1_14' title="bbox 150 1811 1259 1901; baseline 0.004 -23"><span class='ocrx_word' id='word_1_95' title='bbox 150 1811 202 1879; x_wconf 92' lang='lat' dir='ltr'>ita</span> <span class='ocrx_word' id='word_1_96' title='bbox 216 1818 357 1893; x_wconf 88' lang='lat' dir='ltr'>tamen,</span> <span class='ocrx_word' id='word_1_97' title='bbox 380 1820 443 1892; x_wconf 89' lang='lat' dir='ltr'>ut,</span> <span class='ocrx_word' id='word_1_98' title='bbox 471 1812 639 1901; x_wconf 89' lang='lat' dir='ltr'>quamvis</span> <span class='ocrx_word' id='word_1_99' title='bbox 657 1812 758 1880; x_wconf 84' lang='lat' dir='ltr'>fatali</span> <span class='ocrx_word' id='word_1_100' title='bbox 776 1812 906 1882; x_wconf 91' lang='lat' dir='ltr'>dehinc</span> <span class='ocrx_word' id='word_1_101' title='bbox 931 1812 1072 1901; x_wconf 88' lang='lat' dir='ltr'>peccati</span> <span class='ocrx_word' id='word_1_102' title='bbox 1098 1812 1156 1881; x_wconf 89' lang='lat' dir='ltr'>sui</span> <span class='ocrx_word' id='word_1_103' title='bbox 1177 1811 1259 1882; x_wconf 91' lang='lat' dir='ltr'>labe</span> 
     </span>
     <span class='ocr_line' id='line_1_15' title="bbox 149 1925 1259 2016; baseline 0.002 -22"><span class='ocrx_word' id='word_1_104' title='bbox 149 1925 374 2007; x_wconf 90' lang='lat' dir='ltr'>inureretur,</span> <span class='ocrx_word' id='word_1_105' title='bbox 391 1926 430 1995; x_wconf 93' lang='lat' dir='ltr'>in</span> <span class='ocrx_word' id='word_1_106' title='bbox 449 1946 486 1996; x_wconf 91' lang='lat' dir='ltr'>se</span> <span class='ocrx_word' id='word_1_107' title='bbox 501 1927 670 2016; x_wconf 77' lang='lat' dir='ltr'>quadam</span> <span class='ocrx_word' id='word_1_108' title='bbox 687 1926 820 1995; x_wconf 85' lang='lat' dir='ltr'>divinae</span> <span class='ocrx_word' id='word_1_109' title='bbox 834 1947 909 1996; x_wconf 87' lang='lat' dir='ltr'>suae</span> <span class='ocrx_word' id='word_1_110' title='bbox 926 1926 1094 2016; x_wconf 85' lang='lat' dir='ltr'>originiis</span> <span class='ocrx_word' id='word_1_111' title='bbox 1109 1928 1259 2016; x_wconf 90' lang='lat' dir='ltr'>vestigia</span> 
     </span>
     <span class='ocr_line' id='line_1_16' title="bbox 77 2041 1259 2139; baseline 0.003 -30"><span class='ocrx_word' id='word_1_112' title='bbox 77 2134 81 2139; x_wconf 15' lang='grc' dir='ltr'>ι</span> <span class='ocrx_word' id='word_1_113' title='bbox 149 2042 348 2111; x_wconf 80' lang='lat' dir='ltr'>retineret?</span> <span class='ocrx_word' id='word_1_114' title='bbox 374 2084 410 2092; x_wconf 86' lang='lat'>-</span> <span class='ocrx_word' id='word_1_115' title='bbox 433 2041 501 2110; x_wconf 88' lang='lat' dir='ltr'>Sed</span> <span class='ocrx_word' id='word_1_116' title='bbox 520 2061 560 2110; x_wconf 90' lang='lat' dir='ltr'>ea</span> <span class='ocrx_word' id='word_1_117' title='bbox 590 2042 757 2139; x_wconf 88' lang='lat' dir='ltr'>intestini</span> <span class='ocrx_word' id='word_1_118' title='bbox 780 2042 888 2111; x_wconf 91' lang='lat' dir='ltr'>istius</span> <span class='ocrx_word' id='word_1_119' title='bbox 919 2042 1060 2111; x_wconf 90' lang='lat' dir='ltr'>dissidii</span> <span class='ocrx_word' id='word_1_120' title='bbox 1084 2043 1179 2112; x_wconf 87' lang='lat' dir='ltr'>ratio</span> <span class='ocrx_word' id='word_1_121' title='bbox 1195 2063 1259 2112; x_wconf 88' lang='lat' dir='ltr'>ve-</span> 
     </span>
     <span class='ocr_line' id='line_1_17' title="bbox 149 2158 1259 2249; baseline 0.002 -22"><span class='ocrx_word' id='word_1_122' title='bbox 149 2168 246 2228; x_wconf 89' lang='lat' dir='ltr'>teres</span> <span class='ocrx_word' id='word_1_123' title='bbox 279 2158 514 2248; x_wconf 87' lang='lat' dir='ltr'>philosnphos</span> <span class='ocrx_word' id='word_1_124' title='bbox 538 2158 657 2228; x_wconf 89' lang='lat' dir='ltr'>latuit.</span> <span class='ocrx_word' id='word_1_125' title='bbox 688 2158 784 2227; x_wconf 90' lang='lat' dir='ltr'>Dum</span> <span class='ocrx_word' id='word_1_126' title='bbox 808 2159 922 2246; x_wconf 90' lang='lat' dir='ltr'>igitur</span> <span class='ocrx_word' id='word_1_127' title='bbox 939 2158 1001 2227; x_wconf 91' lang='lat' dir='ltr'>alii</span> <span class='ocrx_word' id='word_1_128' title='bbox 1021 2159 1116 2228; x_wconf 87' lang='lat' dir='ltr'>haud</span> <span class='ocrx_word' id='word_1_129' title='bbox 1149 2159 1259 2249; x_wconf 91' lang='lat' dir='ltr'>quid-</span> 
     </span>
     <span class='ocr_line' id='line_1_18' title="bbox 150 2273 1255 2364; baseline 0.002 -22"><span class='ocrx_word' id='word_1_130' title='bbox 150 2292 261 2363; x_wconf 87' lang='lat' dir='ltr'>quam</span> <span class='ocrx_word' id='word_1_131' title='bbox 281 2275 430 2343; x_wconf 86' lang='lat' dir='ltr'>homine</span> <span class='ocrx_word' id='word_1_132' title='bbox 447 2275 556 2344; x_wconf 90' lang='lat' dir='ltr'>vilius</span> <span class='ocrx_word' id='word_1_133' title='bbox 580 2283 690 2364; x_wconf 90' lang='lat' dir='ltr'>atque</span> <span class='ocrx_word' id='word_1_134' title='bbox 708 2273 888 2362; x_wconf 88' lang='lat' dir='ltr'>abjectius</span> <span class='ocrx_word' id='word_1_135' title='bbox 904 2292 983 2343; x_wconf 88' lang='lat' dir='ltr'>esse</span> <span class='ocrx_word' id='word_1_136' title='bbox 1006 2274 1255 2356; x_wconf 87' lang='lat' dir='ltr'>affirmarent,</span> 
     </span>
     <span class='ocr_line' id='line_1_19' title="bbox 149 2390 1257 2480; baseline 0.004 -23"><span class='ocrx_word' id='word_1_137' title='bbox 149 2390 213 2459; x_wconf 90' lang='lat' dir='ltr'>alii</span> <span class='ocrx_word' id='word_1_138' title='bbox 229 2400 355 2461; x_wconf 88' lang='lat' dir='ltr'>contra</span> <span class='ocrx_word' id='word_1_139' title='bbox 376 2391 599 2480; x_wconf 82' lang='lat' dir='ltr'>sapientem,</span> <span class='ocrx_word' id='word_1_140' title='bbox 619 2391 764 2461; x_wconf 89' lang='lat' dir='ltr'>cunctis</span> <span class='ocrx_word' id='word_1_141' title='bbox 782 2391 953 2459; x_wconf 88' lang='lat' dir='ltr'>humanis</span> <span class='ocrx_word' id='word_1_142' title='bbox 980 2390 1257 2463; x_wconf 88' lang='lat' dir='ltr'>infirmitatibus</span> 
     </span>
     <span class='ocr_line' id='line_1_20' title="bbox 149 2505 1257 2595; baseline 0.005 -24"><span class='ocrx_word' id='word_1_143' title='bbox 149 2506 373 2588; x_wconf 87' lang='lat' dir='ltr'>absolutum,</span> <span class='ocrx_word' id='word_1_144' title='bbox 385 2525 511 2594; x_wconf 89' lang='lat' dir='ltr'>parem</span> <span class='ocrx_word' id='word_1_145' title='bbox 520 2507 597 2576; x_wconf 89' lang='lat' dir='ltr'>Diis</span> <span class='ocrx_word' id='word_1_146' title='bbox 613 2505 837 2585; x_wconf 88' lang='lat' dir='ltr'>efficiebant;</span> <span class='ocrx_word' id='word_1_147' title='bbox 854 2506 1047 2595; x_wconf 88' lang='lat' dir='ltr'>imosupra</span> <span class='ocrx_word' id='word_1_148' title='bbox 1063 2507 1158 2577; x_wconf 88' lang='lat' dir='ltr'>Deos</span> <span class='ocrx_word' id='word_1_149' title='bbox 1172 2527 1257 2579; x_wconf 90' lang='lat' dir='ltr'>eum</span> 
     </span>
     <span class='ocr_line' id='line_1_21' title="bbox 148 2620 1254 2712; baseline 0.004 -24"><span class='ocrx_word' id='word_1_150' title='bbox 148 2620 1254 2712; x_wconf 79' lang='lat' dir='ltr'>interdumextulereQuamqueutopinicnemdefenderent,</span> 
     </span>
     <span class='ocr_line' id='line_1_22' title="bbox 150 2736 1254 2828; baseline 0.002 -22"><span class='ocrx_word' id='word_1_151' title='bbox 150 2736 289 2808; x_wconf 89' lang='lat' dir='ltr'>Stoicos</span> <span class='ocrx_word' id='word_1_152' title='bbox 305 2739 551 2822; x_wconf 77' lang='lat' dir='ltr'>ostendimus,</span> <span class='ocrx_word' id='word_1_153' title='bbox 565 2738 744 2828; x_wconf 90' lang='lat' dir='ltr'>quidquid</span> <span class='ocrx_word' id='word_1_154' title='bbox 754 2738 951 2806; x_wconf 83' lang='lat' dir='ltr'>innomine</span> <span class='ocrx_word' id='word_1_155' title='bbox 966 2736 1127 2807; x_wconf 86' lang='lat' dir='ltr'>deterius</span> <span class='ocrx_word' id='word_1_156' title='bbox 1142 2747 1254 2820; x_wconf 88' lang='lat' dir='ltr'>esset,</span> 
     </span>
     <span class='ocr_line' id='line_1_23' title="bbox 148 2853 1257 2942; baseline 0.005 -24"><span class='ocrx_word' id='word_1_157' title='bbox 148 2870 216 2920; x_wconf 84' lang='lat' dir='ltr'>nec</span> <span class='ocrx_word' id='word_1_158' title='bbox 244 2853 331 2922; x_wconf 89' lang='lat' dir='ltr'>satis</span> <span class='ocrx_word' id='word_1_159' title='bbox 359 2853 404 2922; x_wconf 95' lang='lat' dir='ltr'>ad</span> <span class='ocrx_word' id='word_1_160' title='bbox 426 2854 601 2942; x_wconf 84' lang='lat' dir='ltr'>piacitnm</span> <span class='ocrx_word' id='word_1_161' title='bbox 629 2874 737 2923; x_wconf 89' lang='lat' dir='ltr'>suum</span> <span class='ocrx_word' id='word_1_162' title='bbox 757 2861 1000 2940; x_wconf 86' lang='lat' dir='ltr'>congrueret,</span> <span class='ocrx_word' id='word_1_163' title='bbox 1021 2854 1173 2924; x_wconf 88' lang='lat' dir='ltr'>omnino</span> <span class='ocrx_word' id='word_1_164' title='bbox 1190 2873 1257 2923; x_wconf 93' lang='lat' dir='ltr'>ne-</span> 
     </span>
     <span class='ocr_line' id='line_1_24' title="bbox 148 2968 1256 3058; baseline 0.004 -24"><span class='ocrx_word' id='word_1_165' title='bbox 148 2976 287 3054; x_wconf 88' lang='lat' dir='ltr'>gantes,</span> <span class='ocrx_word' id='word_1_166' title='bbox 307 2968 623 3058; x_wconf 84' lang='lat' dir='ltr'>infirmioremque</span> <span class='ocrx_word' id='word_1_167' title='bbox 637 2978 808 3038; x_wconf 88' lang='lat' dir='ltr'>naturam</span> <span class='ocrx_word' id='word_1_168' title='bbox 827 2969 924 3038; x_wconf 88' lang='lat' dir='ltr'>hand</span> <span class='ocrx_word' id='word_1_169' title='bbox 938 2987 1044 3040; x_wconf 84' lang='lat' dir='ltr'>secus</span> <span class='ocrx_word' id='word_1_170' title='bbox 1058 2970 1256 3039; x_wconf 90' lang='lat' dir='ltr'>instituen-</span> 
     </span>
     <span class='ocr_line' id='line_1_25' title="bbox 147 3082 1255 3171; baseline 0.001 -21"><span class='ocrx_word' id='word_1_171' title='bbox 147 3090 221 3164; x_wconf 89' lang='lat' dir='ltr'>tes,</span> <span class='ocrx_word' id='word_1_172' title='bbox 247 3082 338 3152; x_wconf 91' lang='lat' dir='ltr'>acsi</span> <span class='ocrx_word' id='word_1_173' title='bbox 363 3103 405 3152; x_wconf 85' lang='lat' dir='ltr'>ex</span> <span class='ocrx_word' id='word_1_174' title='bbox 430 3084 530 3152; x_wconf 89' lang='lat' dir='ltr'>omni</span> <span class='ocrx_word' id='word_1_175' title='bbox 549 3093 652 3171; x_wconf 91' lang='lat' dir='ltr'>parte</span> <span class='ocrx_word' id='word_1_176' title='bbox 675 3101 762 3151; x_wconf 89' lang='lat' dir='ltr'>sana</span> <span class='ocrx_word' id='word_1_177' title='bbox 781 3100 822 3150; x_wconf 87' lang='lat' dir='ltr'>ea</span> <span class='ocrx_word' id='word_1_178' title='bbox 840 3082 978 3152; x_wconf 88' lang='lat' dir='ltr'>fuisset.</span> <span class='ocrx_word' id='word_1_179' title='bbox 1006 3082 1125 3170; x_wconf 89' lang='lat' dir='ltr'>Quem</span> <span class='ocrx_word' id='word_1_180' title='bbox 1141 3084 1255 3171; x_wconf 90' lang='lat' dir='ltr'>igitur</span> 
     </span>
     <span class='ocr_line' id='line_1_26' title="bbox 147 3196 1255 3288; baseline 0.005 -25"><span class='ocrx_word' id='word_1_181' title='bbox 147 3196 330 3286; x_wconf 89' lang='lat' dir='ltr'>disparem</span> <span class='ocrx_word' id='word_1_182' title='bbox 360 3197 548 3268; x_wconf 87' lang='lat' dir='ltr'>hominem</span> <span class='ocrx_word' id='word_1_183' title='bbox 574 3198 814 3280; x_wconf 86' lang='lat' dir='ltr'>invenerant,</span> <span class='ocrx_word' id='word_1_184' title='bbox 837 3218 952 3268; x_wconf 89' lang='lat' dir='ltr'>unum</span> <span class='ocrx_word' id='word_1_185' title='bbox 977 3218 1019 3268; x_wconf 85' lang='lat' dir='ltr'>ac</span> <span class='ocrx_word' id='word_1_186' title='bbox 1048 3199 1255 3288; x_wconf 86' lang='lat' dir='ltr'>simplicem</span> 
     </span>
     <span class='ocr_line' id='line_1_27' title="bbox 145 3311 1255 3403; baseline 0.005 -25"><span class='ocrx_word' id='word_1_187' title='bbox 145 3329 231 3379; x_wconf 91' lang='lat' dir='ltr'>eum</span> <span class='ocrx_word' id='word_1_188' title='bbox 250 3311 390 3380; x_wconf 85' lang='lat' dir='ltr'>iecere:</span> <span class='ocrx_word' id='word_1_189' title='bbox 409 3312 555 3402; x_wconf 79' lang='lat' dir='ltr'>vinique</span> <span class='ocrx_word' id='word_1_190' title='bbox 568 3331 716 3383; x_wconf 87' lang='lat' dir='ltr'>omnem</span> <span class='ocrx_word' id='word_1_191' title='bbox 735 3313 816 3402; x_wconf 85' lang='lat' dir='ltr'>ejus</span> <span class='ocrx_word' id='word_1_192' title='bbox 832 3331 874 3382; x_wconf 89' lang='lat' dir='ltr'>ac</span> <span class='ocrx_word' id='word_1_193' title='bbox 888 3322 1074 3398; x_wconf 86' lang='lat' dir='ltr'>naturam,</span> <span class='ocrx_word' id='word_1_194' title='bbox 1093 3314 1255 3403; x_wconf 87' lang='lat' dir='ltr'>praecisis</span> 
     </span>
     <span class='ocr_line' id='line_1_28' title="bbox 145 3426 1253 3517; baseline 0.004 -22"><span class='ocrx_word' id='word_1_195' title='bbox 145 3426 288 3496; x_wconf 80' lang='lat' dir='ltr'>caeteris</span> <span class='ocrx_word' id='word_1_196' title='bbox 306 3426 512 3511; x_wconf 82' lang='lat' dir='ltr'>affectibus,</span> <span class='ocrx_word' id='word_1_197' title='bbox 533 3438 709 3517; x_wconf 89' lang='lat' dir='ltr'>tanquam</span> <span class='ocrx_word' id='word_1_198' title='bbox 722 3429 873 3512; x_wconf 87' lang='lat' dir='ltr'>alienis,</span> <span class='ocrx_word' id='word_1_199' title='bbox 889 3429 928 3497; x_wconf 92' lang='lat' dir='ltr'>in</span> <span class='ocrx_word' id='word_1_200' title='bbox 943 3428 1166 3499; x_wconf 73' lang='lat' dir='ltr'>arctioribss</span> <span class='ocrx_word' id='word_1_201' title='bbox 1188 3428 1253 3498; x_wconf 86' lang='lat' dir='ltr'>Ra·</span> 
     </span>
     <span class='ocr_line' id='line_1_29' title="bbox 144 3541 1161 3634; baseline 0.005 -26"><span class='ocrx_word' id='word_1_202' title='bbox 144 3541 256 3614; x_wconf 90' lang='lat' dir='ltr'>tionis</span> <span class='ocrx_word' id='word_1_203' title='bbox 264 3542 370 3632; x_wconf 89' lang='lat' dir='ltr'>quasi</span> <span class='ocrx_word' id='word_1_204' title='bbox 383 3544 555 3613; x_wconf 89' lang='lat' dir='ltr'>cancellis</span> <span class='ocrx_word' id='word_1_205' title='bbox 566 3545 870 3615; x_wconf 88' lang='lat' dir='ltr'>circumscribere</span> <span class='ocrx_word' id='word_1_206' title='bbox 888 3546 1047 3634; x_wconf 84' lang='lat' dir='ltr'>aggressi</span> <span class='ocrx_word' id='word_1_207' title='bbox 1063 3554 1161 3614; x_wconf 90' lang='lat' dir='ltr'>sunt.</span> 
     </span>
    </p>

    <p class='ocr_par' dir='ltr' id='par_1_4' title="bbox 151 3656 1252 3864">
     <span class='ocr_line' id='line_1_30' title="bbox 194 3656 1252 3749; baseline 0.002 -24"><span class='ocrx_word' id='word_1_208' title='bbox 194 3656 241 3726; x_wconf 87' lang='lat' dir='ltr'>Ea</span> <span class='ocrx_word' id='word_1_209' title='bbox 260 3656 443 3746; x_wconf 83' lang='lat' dir='ltr'>praecipua</span> <span class='ocrx_word' id='word_1_210' title='bbox 457 3659 548 3729; x_wconf 91' lang='lat' dir='ltr'>mihi</span> <span class='ocrx_word' id='word_1_211' title='bbox 559 3679 667 3731; x_wconf 87' lang='lat' dir='ltr'>causa</span> <span class='ocrx_word' id='word_1_212' title='bbox 684 3660 795 3730; x_wconf 79' lang='lat' dir='ltr'>fuisse</span> <span class='ocrx_word' id='word_1_213' title='bbox 813 3661 972 3742; x_wconf 87' lang='lat' dir='ltr'>ridetur,</span> <span class='ocrx_word' id='word_1_214' title='bbox 988 3679 1057 3730; x_wconf 89' lang='lat' dir='ltr'>cur</span> <span class='ocrx_word' id='word_1_215' title='bbox 1075 3661 1252 3749; x_wconf 84' lang='lat' dir='ltr'>praeclara</span> 
     </span>
     <span class='ocr_line' id='line_1_31' title="bbox 151 3771 1249 3864; baseline 0.004 -24"><span class='ocrx_word' id='word_1_216' title='bbox 151 3773 214 3841; x_wconf 87' lang='lat' dir='ltr'>illa</span> <span class='ocrx_word' id='word_1_217' title='bbox 229 3773 346 3843; x_wconf 85' lang='lat' dir='ltr'>virtus</span> <span class='ocrx_word' id='word_1_218' title='bbox 372 3794 392 3842; x_wconf 91' lang='lat' dir='ltr'>a</span> <span class='ocrx_word' id='word_1_219' title='bbox 408 3771 537 3846; x_wconf 90' lang='lat' dir='ltr'>Stoicis</span> <span class='ocrx_word' id='word_1_220' title='bbox 558 3775 774 3845; x_wconf 86' lang='lat' dir='ltr'>adumbrata</span> <span class='ocrx_word' id='word_1_221' title='bbox 793 3776 952 3864; x_wconf 85' lang='lat' dir='ltr'>segnior,</span> <span class='ocrx_word' id='word_1_222' title='bbox 984 3785 1025 3845; x_wconf 90' lang='lat' dir='ltr'>ut</span> <span class='ocrx_word' id='word_1_223' title='bbox 1042 3776 1090 3844; x_wconf 90' lang='lat' dir='ltr'>ita</span> <span class='ocrx_word' id='word_1_224' title='bbox 1109 3775 1249 3856; x_wconf 86' lang='lat' dir='ltr'>dicam,</span> 
     </span>
    </p>
   </div>
   <div class='ocr_carea' id='block_1_3' title="bbox 141 4013 1251 4332">
    <p class='ocr_par' dir='ltr' id='par_1_5' title="bbox 141 4013 1251 4332">
     <span class='ocr_line' id='line_1_32' title="bbox 175 4013 1250 4091; baseline -0.002 -15"><span class='ocrx_word' id='word_1_225' title='bbox 175 4025 209 4091; x_wconf 87' lang='lat' dir='ltr'>(t)</span> <span class='ocrx_word' id='word_1_226' title='bbox 224 4028 294 4090; x_wconf 83' lang='lat' dir='ltr'>Quod</span> <span class='ocrx_word' id='word_1_227' title='bbox 312 4013 347 4077; x_wconf 74' lang='lat' dir='ltr'>i).</span> <span class='ocrx_word' id='word_1_228' title='bbox 367 4029 459 4080; x_wconf 80' lang='lat' dir='ltr'>Paulus</span> <span class='ocrx_word' id='word_1_229' title='bbox 478 4030 517 4079; x_wconf 87' lang='lat' dir='ltr'>his</span> <span class='ocrx_word' id='word_1_230' title='bbox 533 4029 613 4079; x_wconf 82' lang='lat' dir='ltr'>verbis</span> <span class='ocrx_word' id='word_1_231' title='bbox 630 4029 765 4078; x_wconf 85' lang='lat' dir='ltr'>clarissime</span> <span class='ocrx_word' id='word_1_232' title='bbox 781 4032 900 4091; x_wconf 70' lang='lat' dir='ltr'>expressit</span> <span class='ocrx_word' id='word_1_233' title='bbox 916 4050 922 4076; x_wconf 89' lang='lat'>:</span> <span class='ocrx_word' id='word_1_234' title='bbox 938 4030 1022 4077; x_wconf 84' lang='lat' dir='ltr'>animo</span> <span class='ocrx_word' id='word_1_235' title='bbox 1041 4026 1120 4088; x_wconf 82' lang='lat' dir='ltr'>legem</span> <span class='ocrx_word' id='word_1_236' title='bbox 1139 4026 1250 4074; x_wconf 88' lang='lat' dir='ltr'>divinam</span> 
     </span>
     <span class='ocr_line' id='line_1_33' title="bbox 141 4106 1249 4172; baseline -0.005 -14"><span class='ocrx_word' id='word_1_237' title='bbox 141 4108 285 4171; x_wconf 84' lang='lat' dir='ltr'>amplectar,</span> <span class='ocrx_word' id='word_1_238' title='bbox 298 4122 370 4159; x_wconf 86' lang='lat' dir='ltr'>carne</span> <span class='ocrx_word' id='word_1_239' title='bbox 386 4115 470 4159; x_wconf 87' lang='lat' dir='ltr'>autem</span> <span class='ocrx_word' id='word_1_240' title='bbox 482 4113 590 4172; x_wconf 85' lang='lat' dir='ltr'>peccatu,</span> <span class='ocrx_word' id='word_1_241' title='bbox 607 4113 678 4170; x_wconf 84' lang='lat' dir='ltr'>quasi</span> <span class='ocrx_word' id='word_1_242' title='bbox 689 4109 856 4159; x_wconf 83' lang='lat' dir='ltr'>venumdatus</span> <span class='ocrx_word' id='word_1_243' title='bbox 867 4111 981 4159; x_wconf 81' lang='lat' dir='ltr'>inservio.</span> <span class='ocrx_word' id='word_1_244' title='bbox 999 4134 1019 4142; x_wconf 88' lang='lat'><em>—</em></span> <span class='ocrx_word' id='word_1_245' title='bbox 1035 4107 1103 4156; x_wconf 85' lang='lat' dir='ltr'>Ome</span> <span class='ocrx_word' id='word_1_246' title='bbox 1113 4106 1249 4156; x_wconf 78' lang='lat' dir='ltr'>infelicem!</span> 
     </span>
     <span class='ocr_line' id='line_1_34' title="bbox 143 4185 1251 4252; baseline -0.004 -16"><span class='ocrx_word' id='word_1_247' title='bbox 143 4190 200 4249; x_wconf 77' lang='lat' dir='ltr'>quis</span> <span class='ocrx_word' id='word_1_248' title='bbox 208 4200 248 4236; x_wconf 85' lang='lat' dir='ltr'>rna</span> <span class='ocrx_word' id='word_1_249' title='bbox 257 4190 309 4247; x_wconf 86' lang='lat' dir='ltr'>jam</span> <span class='ocrx_word' id='word_1_250' title='bbox 318 4201 348 4238; x_wconf 82' lang='lat' dir='ltr'>cx</span> <span class='ocrx_word' id='word_1_251' title='bbox 358 4190 404 4237; x_wconf 86' lang='lat' dir='ltr'>ista</span> <span class='ocrx_word' id='word_1_252' title='bbox 413 4191 520 4252; x_wconf 85' lang='lat' dir='ltr'>carparis</span> <span class='ocrx_word' id='word_1_253' title='bbox 532 4190 649 4238; x_wconf 85' lang='lat' dir='ltr'>servitute</span> <span class='ocrx_word' id='word_1_254' title='bbox 658 4188 791 4237; x_wconf 80' lang='grc'><strong>1111111111</strong></span> <span class='ocrx_word' id='word_1_255' title='bbox 801 4189 938 4238; x_wconf 75' lang='grc'><strong>1-611111</strong></span> <span class='ocrx_word' id='word_1_256' title='bbox 948 4187 989 4236; x_wconf 85' lang='lat' dir='ltr'>Dei</span> <span class='ocrx_word' id='word_1_257' title='bbox 1000 4186 1100 4244; x_wconf 76' lang='lat' dir='ltr'>scilicet,</span> <span class='ocrx_word' id='word_1_258' title='bbox 1112 4185 1251 4246; x_wconf 83' lang='lat' dir='ltr'>Christique</span> 
     </span>
     <span class='ocr_line' id='line_1_35' title="bbox 142 4266 663 4332; baseline -0.008 -12"><span class='ocrx_word' id='word_1_259' title='bbox 142 4266 278 4330; x_wconf 77' lang='lat' dir='ltr'>redemptio</span> <span class='ocrx_word' id='word_1_260' title='bbox 292 4270 300 4329; x_wconf 89' lang='lat'>(</span> <span class='ocrx_word' id='word_1_261' title='bbox 309 4268 340 4317; x_wconf 85' lang='lat' dir='ltr'>ad</span> <span class='ocrx_word' id='word_1_262' title='bbox 357 4267 492 4328; x_wconf 74' lang='grc'><strong>11111111,</strong></span> <span class='ocrx_word' id='word_1_263' title='bbox 508 4272 532 4319; x_wconf 88' lang='grc'>11</span> <span class='ocrx_word' id='word_1_264' title='bbox 551 4273 576 4318; x_wconf 87' lang='lat' dir='ltr'>ct</span> <span class='ocrx_word' id='word_1_265' title='bbox 587 4266 663 4332; x_wconf 66' lang='lat' dir='ltr'>sep).</span> 
     </span>
    </p>
   </div>
   <div class='ocr_carea' id='block_1_4' title="bbox 0 0 1496 4750">
    <p class='ocr_par' dir='ltr' id='par_1_6' title="bbox 0 0 1496 4750">
     <span class='ocr_line' id='line_1_36' title="bbox 0 0 1496 4750; baseline 0 4"><span class='ocrx_word' id='word_1_266' title='bbox 0 0 1496 4750; x_wconf 95' lang='lat' dir='ltr'> </span> 
     </span>
    </p>
   </div>
  </div>
 </body>
</html>
