2984 4750
679 216 873 282 ..50-

223 413 235 443 »
253 381 428 470 mulell.
441 381 470 464 l,
483 382 527 452 17
533 394 556 470 l.
569 412 580 442 i
595 379 635 450 Et
645 398 755 470 supra
773 402 781 447 :
804 380 947 465 «Quum
961 381 1084 450 omnia
1102 382 1243 453 ratione
1255 385 1332 453 ani-

194 528 196 533 ·
222 529 234 561 »
252 516 385 587 moque
395 495 575 579 lustrans,
586 495 756 566 omnium
767 495 985 566 societatum
995 497 1095 565 nulla
1106 505 1161 568 est
1170 500 1328 585 gravior,

222 644 234 674 s
252 612 353 681 nulla
364 611 503 695 carior,
527 630 639 701 quam
658 630 701 679 ea
720 630 803 701 quae
830 629 916 682 oum
945 610 1033 701 Rep.
1054 620 1111 682 est
1127 612 1331 704 unicuique

221 737 432 797 »nostrum
454 725 538 797 Cari
551 737 638 797 sunt
657 736 847 816 parentes,
866 727 943 796 cari
965 727 1086 811 liberi,
1107 729 1327 820 propinqui,

222 843 448 912 »familiares
466 864 474 911 τ
497 842 560 912 sed
574 860 703 911 omnes
721 841 888 913 omnium
912 841 1082 912 caritates
1104 845 1230 916 Patria
1257 865 1329 915 una

220 991 233 1021 »
252 961 441 1050 complexa
453 968 508 1028 est
529 958 596 1053 (l).
617 987 629 1018 »

269 1075 366 1162 Quid
375 1074 539 1165 prolecto
549 1075 668 1163 maius
682 1074 1000 1163 opportuniusque
1008 1074 1123 1145 altera
1132 1076 1194 1146 illa
1202 1076 1331 1166 patriae

220 1191 398 1279 religione
410 1199 491 1258 turn
508 1189 629 1277 potuit
655 1187 844 1271 adhiberi,
864 1207 938 1277 quo
958 1198 1091 1259 caetera
1107 1184 1227 1260 officia
1245 1211 1330 1262 con-

220 1304 502 1394 vergerentlSat
514 1305 615 1374 enirn
628 1303 803 1374 omnibus
813 1312 1058 1393 compertum,
1070 1324 1143 1395 qua
1152 1307 1329 1394 singulari

221 1440 365 1511 semper
392 1421 543 1490 caritate
572 1419 727 1490 Romani
762 1417 918 1489 Romam
946 1439 1051 1490 suam
1087 1423 1326 1493 excoluerint.

221 1537 389 1623 Quorum
413 1536 444 1605 si
468 1535 618 1605 annales
634 1534 852 1617 revolveris,
878 1534 1017 1604 eminet
1042 1536 1179 1626 ubique
1195 1539 1330 1607 arden-

222 1651 387 1722 tissimus
402 1650 465 1718 ille
491 1649 619 1738 patriae
638 1667 742 1718 amor
763 1670 771 1716 ε
794 1647 896 1737 lleip.
927 1649 1067 1718 utilitas
1092 1668 1158 1739 pro
1182 1670 1330 1722 summo

217 1768 300 1854 jure
314 1764 490 1844 habetur;
506 1783 617 1852 quam
634 1763 679 1832 ad
699 1763 897 1834 utilitatem
921 1763 1108 1846 instituta,
1128 1765 1248 1851 leges,
1271 1786 1330 1835 re-

221 1881 396 1967 ligiones,
430 1898 553 1948 mores
580 1875 719 1967 publici
750 1878 977 1969 privatique,
1010 1879 1134 1948 divina
1169 1880 1331 1971 denique

221 1998 455 2085 humanaque
467 1994 592 2064 omnia
605 1994 816 2064 flectuntur.
835 1995 946 2076 Nam,
965 2004 1006 2065 ut
1019 1994 1064 2064 de
1077 1994 1159 2064 aliis
1171 2004 1327 2077 taceam,

221 2130 399 2203 quorsum
424 2110 573 2181 tandem
596 2119 700 2180 vetus
723 2129 766 2179 ea
789 2109 918 2179 Numae
938 2111 983 2179 de
1009 2110 1122 2180 saeris
1145 2111 1331 2182 institutio

221 2227 419 2318 pertinuit,
434 2226 506 2295 nisi
517 2235 559 2295 ut
572 2226 694 2316 superi
711 2224 814 2313 Reip.
828 2224 898 2314 ipsi
912 2225 1153 2306 inservirent,
1168 2236 1206 2296 et
1219 2228 1329 2316 quid-

221 2340 311 2431 quld
321 2337 487 2428 patribus
504 2335 691 2419 libuisset,
713 2335 879 2425 auguriis
895 2335 1204 2409 confirmaretur?
1221 2339 1328 2426 Quod

224 2457 266 2542 Q.
280 2453 470 2535 Maximus,
481 2471 569 2522 cum
582 2470 701 2539 augur
714 2461 827 2535 esset,
841 2453 920 2541 ipse
933 2453 1053 2541 palam
1066 2453 1326 2542 profitebaturt

222 2569 359 2659 optimis
374 2568 506 2639 scilicet
516 2568 685 2656 auspiciis
702 2586 742 2636 ea
752 2567 844 2655 peri,
859 2585 936 2655 quoe
950 2586 1016 2654 pro
1035 2567 1129 2655 Retp.
1146 2568 1258 2637 solute
1266 2590 1330 2658 pe·

223 2695 405 2770 remotum
436 2702 514 2772 quoe
547 2698 666 2752 contro
692 2683 812 2770 liemp.
849 2681 988 2769 (ierem,
1020 2691 1139 2750 contra
1171 2685 1330 2772 auspicio

223 2800 303 2889 lieri
314 2797 380 2893 (2).
398 2797 721 2886 Postquamigitur
736 2781 901 2868 obsoleta
911 2797 988 2883 iarn
1003 2797 1185 2885 majorum
1198 2817 1329 2887 super-

224 2915 324 2985 stitio
337 2913 478 2984 nullam
494 2911 603 2982 iidem
621 2911 832 2995 obtinebat,
853 2911 989 2980 restitit
1004 2920 1128 2982 tamen
1146 2916 1330 2985 sanctissi-

225 3051 329 3102 mum
346 3029 438 3100 illud
453 3027 610 3098 civitatis
628 3046 790 3108 numen,
817 3024 1055 3116 Romanaque
1083 3028 1251 3112 fortuna,
1283 3032 1329 3100 ad

224 3166 336 3240 quam
348 3153 430 3214 vota
447 3160 624 3236 spemque
638 3159 743 3210 suam
757 3141 914 3230 populus
928 3151 1178 3213 converteret:

609 3336 755 3396 Summique
766 3347 780 3383 o
792 3334 906 3383 Numinis
923 3338 1000 3384 instar

482 3413 751 3476 Roma,bveeoemu.

272 3578 375 3662 Mor,
395 3578 458 3647 ubi
472 3578 552 3668 ipsa
567 3577 632 3647 illa
649 3577 777 3647 civitas
792 3578 830 3646 in
849 3579 954 3649 bellis
972 3580 1140 3652 civilibus
1154 3582 1325 3673 perierit,

252 3852 288 3919 (r)
297 3854 353 3905 Jarn
366 3854 426 3904 ollrn
442 3855 551 3905 Lucilius
566 3858 591 3905 lu
605 3858 686 3905 satiris
698 3855 810 3906 dixerat:

407 3960 499 4017 Virtus,
510 3960 599 4011 tibine.
612 3968 647 4006 eat
655 3960 756 4019 pretium
766 3961 898 4017 persolvero
908 3975 989 4009 rerum
991 3995 1031 4008 .....

408 4032 533 4077 Commoda
543 4039 653 4090 preterea
659 4032 749 4089 potrioe
757 4032 800 4077 sibi
811 4033 886 4089 prima
897 4040 991 4090 putare,

410 4102 499 4147 Deinde
509 4109 644 4160 parentum,
653 4105 721 4148 tertia
728 4104 777 4158 lam
789 4109 951 4161 postremaque
962 4112 1048 4150 nostra.

251 4201 285 4259 (t)
298 4199 333 4246 lle
347 4200 453 4257 Sonent..
464 4203 488 4248 l.
