2984 4750
652 252 847 322 ..35-

244 421 433 514 Quidquid
444 418 661 490 auterninde
672 419 717 488 de
728 420 920 489 retinenda
930 420 968 488 in
979 420 1306 492 omnibusrivendi

192 536 472 613 conditionibus
497 535 674 624 dignitate
702 533 882 624 exquisite
901 533 1138 625 descripserit
1153 535 1302 618 Cicero,

197 675 272 727 uon
291 653 351 724 bic
368 669 548 742 apponam
563 671 571 719 ε
588 649 651 720 sed
669 668 785 739 pauca
804 656 926 718 tamen
944 648 988 718 de
1002 649 1058 719 ‚iis
1081 649 1222 720 artibus
1238 652 1306 720 ad-

194 771 308 861 jicere
322 767 452 850 veiim,
469 784 561 857 quas
573 764 777 852 ingenuum
789 763 911 832 virum
928 765 1161 854 potissimum
1174 765 1305 836 decere

196 883 397 965 existiman
426 898 628 969 rursusque
653 878 837 960 indicare,
866 898 947 967 quae
970 879 1144 963 artificia,
1163 890 1205 950 ut
1224 899 1306 950 sor-

197 999 296 1081 dida,
310 996 579 1068 servistantum
589 1014 631 1065 ac
647 993 871 1083 ignobilibus
884 1002 1032 1064 censeat
1045 995 1301 1085 relinquenda.

199 1118 396 1207 Nunquam
423 1114 522 1186 enim
556 1113 680 1185 Romae
708 1122 916 1184 mercatura
947 1122 1011 1182 aut
1038 1121 1179 1184 caeterae
1207 1124 1306 1205 artes

199 1231 435 1305 mercenariae
455 1230 493 1299 in
512 1229 651 1299 bonore
668 1230 813 1298 fuerant
832 1226 898 1323 (t).
920 1228 1025 1299 Nunc
1042 1249 1151 1314 vero,
1174 1231 1305 1319 pleris-

197 1368 271 1441 que
286 1345 491 1439 proletariis
500 1345 640 1415 civibus
653 1345 793 1415 ioenore
800 1344 970 1434 belloque
983 1346 1200 1435 absumptis,
1209 1348 1305 1415 servi

196 1462 413 1552 externique
430 1459 599 1530 homines
612 1458 729 1547 magis
746 1468 857 1548 atque
874 1459 991 1547 magis
1009 1458 1163 1530 fabricas
1177 1479 1307 1529 omnes

200 1576 445 1667 tabernaeque
476 1575 566 1645 adeo
593 1574 821 1656 invaserant,
851 1582 892 1642 ut
919 1574 997 1664 jam
1018 1574 1135 1644 libero
1165 1575 1307 1643 homini

199 1691 415 1765 indecorum
439 1697 536 1761 esset
560 1689 600 1758 in
623 1688 768 1758 officina
788 1688 937 1758 versari.
954 1688 1110 1759 -Adde
1129 1699 1307 1780 praeterea

200 1816 255 1879 tot
269 1805 548 1895 magnificarum
566 1803 755 1874 civitatum
768 1803 947 1892 exempla,
962 1803 1103 1874 artibus
1120 1807 1308 1894 quondam

200 1940 242 1994 ao
251 1921 388 1992 divitiis
400 1921 489 1991 adeo
503 1919 800 2010 conspicuarum,
816 1920 1306 2012 atqueimprimisCorinthi,

200 2034 555 2128 Syracusarumque,
569 2032 872 2123 Carthaginisque
898 2035 1059 2119 tandem,
1081 2036 1181 2107 illius
1197 2057 1309 2124 nego-

201 2150 339 2223 tiorum
363 2150 521 2239 regine,
557 2169 639 2239 quae
669 2168 822 2220 suorum
853 2149 955 2238 prius
981 2150 1126 2220 luxuria
1151 2152 1307 2234 civium,

201 2284 312 2356 quam
323 2264 574 2336 Romanorum
587 2263 699 2334 armis
709 2273 927 2353 oppugnatae
936 2265 1091 2335 fuerant.
1111 2266 1309 2355 Postquam

203 2381 269 2452 has
284 2381 477 2472 opulentas
495 2380 625 2465 urbes,
653 2380 717 2451 ubi
740 2382 897 2471 pecunia
913 2383 1029 2478 defuit
1048 2383 1145 2453 unde
1172 2382 1312 2452 alienos

205 2495 340 2567 milites
357 2505 626 2579 mercarentur,
642 2515 663 2565 e
680 2504 783 2565 tanto
797 2516 924 2567 rerum
937 2496 1081 2586 fastigio
1098 2505 1315 2568 corruentes

203 2611 379 2682 vidissent
393 2610 561 2694 Romani,
581 2620 763 2702 quantum
779 2612 868 2702 ipsis
885 2611 972 2683 inde
988 2631 1153 2683 crescere
1163 2633 1312 2703 quoque

203 2726 332 2798 debuit
357 2725 595 2798 illiberalium
623 2746 753 2798 earum
781 2728 918 2798 artium
948 2736 1198 2818 contemptus,
1229 2748 1314 2819 quae

204 2841 309 2932 quasi
324 2840 508 2933 quoddam
527 2841 668 2913 bellicae
685 2828 832 2915 virtutis
850 2863 1033 2914 venenum
1056 2863 1135 2914 esse
1149 2844 1315 2914 videren-

201 2961 287 3029 tur?
307 2957 451 3028 Pestem
469 2956 577 3028 istam
592 2956 708 3041 lucri,
729 2957 849 3049 siquo
865 2958 1057 3042 inciderit,
1077 2978 1161 3029 mox
1174 2959 1220 3028 ad
1238 2978 1315 3029 orn·

204 3072 265 3143 nia
288 3072 444 3161 grassari
461 3080 561 3143 recte
579 3082 794 3155 senserant3
821 3083 932 3163 atque
956 3074 1021 3144 ubi
1041 3073 1140 3145 cives
1156 3076 1315 3164 quaestui

205 3197 340 3259 navent
356 3207 527 3279 operam,
547 3188 669 3257 divina
694 3207 778 3260 mox
805 3189 1040 3279 humanaque
1065 3189 1210 3272 omnia,
1239 3190 1315 3261 imo

198 3303 364 3395 patriam
386 3304 505 3393 ipsam
527 3304 684 3394 questui
703 3323 801 3387 esse,
830 3312 941 3394 atque
968 3304 1038 3375 sub
1061 3306 1165 3375 basta
1186 3305 1311 3376 licere.

205 3420 448 3491 Mercaturam
461 3418 588 3507 igitur,
610 3418 641 3489 si
658 3420 767 3490 modo
784 3420 897 3490 tenuis
921 3420 988 3504 sit,
1018 3421 1315 3512 portitorumque

203 3545 388 3628 quaestus,
405 3533 652 3626 opificumque
664 3536 910 3607 mercenariae
928 3546 1025 3607 artes
1038 3536 1166 3608 Cicero
1177 3536 1316 3626 impros

207 3652 286 3735 bat,
306 3650 505 3741 servisque,
521 3650 643 3721 antiis
660 3669 821 3741 quorum
834 3650 956 3721 ordini
970 3652 1210 3735 conveniant,
1224 3651 1318 3723 assi-

208 3774 296 3856 gnat
307 3764 419 3838 :istas
432 3765 534 3835 enim
546 3765 641 3858 lucri
654 3766 781 3837 sordes
793 3766 889 3837 infra
906 3767 1147 3857 patriciorum
1161 3765 1317 3856 dignita-

207 3879 642 3975 temjacerearbitratur;
656 3880 828 3972 Namque,
849 3892 891 3953 ut
900 3891 1006 3954 antea
1020 3883 1059 3953 in
1069 3882 1157 3973 Rep.
1175 3881 1254 3977 (lib.
1269 3880 1314 3976 V)

209 4016 275 4070 sua
295 3996 456 4082 dixerat,
481 3998 638 4067 eumdem
662 3999 827 4088 poputum
852 3998 1092 4088 imperatorem
1119 4017 1161 4068 uc
1174 3997 1319 4086 portito-

239 4247 359 4313 (3)Dlon.
371 4215 526 4311 Halic.,Ant
540 4251 580 4311 R„
593 4252 634 4312 tt,
647 4254 686 4302 2⁵.
