2984 4750
662 238 853 306 ..19-

200 405 290 483 adeo
309 403 494 494 expolire,
522 412 563 477 ut
587 403 638 473 ita
659 403 801 485 dicam,
832 413 942 493 atque
965 403 1011 472 ab
1028 404 1130 473 omni
1148 406 1308 487 bumana

200 519 452 595 imbecillitate
475 518 660 589 vindicare
688 517 909 600 studebant,
940 527 981 589 ut
1007 519 1058 588 nil
1072 519 1149 608 jam
1176 529 1310 607 prater

201 653 331 703 vanam
349 632 510 704 bominis
525 633 696 722 effigiem,
718 641 756 702 et
771 633 954 703 aheneum
969 641 1147 723 tanquam
1161 634 1310 707 simula·

201 767 306 819 crum
325 748 598 838 relinqueretur
621 770 629 818 ε
657 747 796 817 mirum
817 766 903 818 sane
920 748 1106 837 quoddam
1128 748 1309 838 superbiae

201 882 315 952 opus,
341 863 634 961 praeclarumque
658 861 784 931 delirae
813 863 946 932 mentis
970 863 1181 946 somnium,
1202 862 1311 953 quale
1335 916 1338 919 .

202 987 329 1068 optare
358 978 509 1068 quidem
537 976 667 1067 pauci,
685 996 795 1046 nemo
812 987 934 1049 autem
950 996 990 1047 re
1009 998 1174 1068 unquam
1191 987 1313 1067 posset

202 1091 367 1182 assequi!
391 1132 434 1144 -
450 1091 556 1177 Quod
571 1110 656 1162 vero
673 1092 753 1182 ipse
769 1092 919 1180 quidem
938 1093 1036 1161 Zeno
1054 1093 1145 1162 adeo
1166 1112 1187 1160 a
1213 1109 1315 1160 com·

203 1206 308 1276 muni
324 1204 518 1275 hominum
536 1215 667 1275 natura
686 1206 887 1276 abhorrere
903 1213 1080 1288 senserat,
1094 1216 1135 1279 ut
1149 1206 1226 1294 ipse
1244 1204 1314 1287 du·

202 1321 283 1412 plex
310 1321 505 1390 hominum
523 1341 639 1408 genus
665 1341 744 1391 esse
765 1321 899 1390 debere
919 1322 1176 1410 profiteretur,
1193 1338 1314 1410 neque

202 1455 427 1529 quemquam
445 1437 490 1515 a‘d
504 1437 599 1505 hanc
609 1436 875 1505 sublimitatem
887 1436 1079 1525 pervenire
1098 1454 1202 1525 posse
1216 1435 1317 1503 affir-

202 1560 340 1634 maret,
362 1549 433 1620 nisi
451 1549 575 1620 divina
593 1551 753 1640 quadam
771 1551 1091 1640 predestinatione
1113 1549 1317 1639 peculiares

203 1665 299 1737 adid
315 1666 585 1755 assequendum
599 1666 791 1735 facultates
804 1665 1007 1754 accepisset
1022 1663 1090 1760 (l).
1106 1663 1176 1734 Sed
1195 1683 1238 1733 eo
1254 1663 1333 1742 de.

202 1799 328 1863 mum,
349 1789 389 1848 ut
405 1780 582 1861 dirimuS,
605 1780 729 1850 Romae
753 1799 812 1848 res
828 1789 1023 1861 venerant,
1049 1787 1089 1848 ut
1107 1797 1151 1849 ea
1169 1777 1312 1847 vivendi

202 1895 400 1978 institutio,
420 1916 494 1985 quo
520 1896 670 1986 quidem
690 1897 911 1985 praeruptior
933 1915 1013 1965 esse
1035 1896 1240 1976 videretur,
1269 1914 1313 1964 eo

204 2012 319 2098 magis
333 2020 370 2080 et
386 2012 571 2101 Imprimis
592 2021 758 2081 veterum
775 2030 921 2079 morum
940 2010 1208 2098 sectatoribus,
1234 2011 1314 2099 pla-

203 2145 286 2195 cere
312 2126 475 2196 deberet.
510 2169 550 2177 -
584 2126 680 2197 Adde
707 2133 884 2214 praeterea
910 2134 965 2193 tot
988 2125 1202 2194 ambitiosos
1223 2125 1312 2194 istos

203 2239 384 2321 homines,
401 2239 479 2328 qui,
493 2248 702 2328 postquam,
715 2239 859 2308 cunctis
869 2238 944 2327 jam
956 2239 1142 2309 subunius
1155 2239 1312 2327 imperio

204 2355 426 2444 exaequatis,
452 2353 553 2423 nulla
579 2354 669 2438 alia,
699 2365 740 2424 ut
769 2373 807 2424 se
833 2355 940 2443 vulgo
968 2363 1226 2444 excerperent,
1256 2356 1313 2422 via

204 2477 328 2556 patere
346 2469 557 2551 videbatur,
579 2469 777 2558 superbam
792 2471 901 2540 istam
923 2490 1161 2560 aversumque
1176 2492 1196 2539 a
1210 2490 1313 2540 com-

203 2583 308 2651 muni
327 2584 594 2654 consuetudine
612 2584 815 2667 rationem,
840 2586 885 2653 ad
898 2587 1181 2655 ostentationem
1203 2605 1304 2655 usur-

206 2715 345 2784 pavere.
380 2699 602 2789 Erpugnatis
636 2698 737 2768 enim
773 2698 917 2769 caeteris
947 2699 1063 2768 animi
1094 2699 1311 2783 affectibus,

205 2831 323 2881 unum
346 2813 474 2883 saltem
494 2814 592 2901 quod
620 2814 890 2884 vivacissimum
914 2825 987 2898 est,
1008 2833 1081 2903 quo
1102 2822 1218 2884 totam
1239 2814 1315 2885 dis-

209 2928 383 3017 ciplinam
414 2947 518 2999 suam
543 2929 746 3013 referrent,
779 2949 881 2998 vanae
909 2929 1120 3019 jactationis
1149 2928 1314 2999 studium

208 3043 438 3118 retinuerant
451 3042 574 3116 Stoici.
594 3044 698 3113 Multi
715 3044 828 3132 igitur
843 3044 1067 3132 singularem
1083 3062 1187 3112 suam
1202 3044 1316 3114 virtu-

208 3168 305 3240 tem,
330 3158 435 3248 quasi
453 3159 669 3228 theatralem
692 3178 886 3248 personam
905 3178 979 3247 prae
1001 3178 1040 3227 se
1058 3158 1246 3242 ferebant,
1276 3168 1317 3228 ut

210 3274 309 3361 vulgi
330 3274 612 3344 admirationem
633 3285 835 3344 moverent.
858 3274 994 3363 Aspero
1016 3276 1141 3356 cultu,
1170 3275 1317 3344 intonso

210 3371 354 3476 capite,
381 3399 418 3458 et
445 3388 558 3459 barba
583 3389 848 3476 negligentiore
878 3389 1067 3478 conspicui
1090 3407 1155 3477 per
1185 3390 1316 3459 urbem

209 3504 313 3574 ibant
335 3504 529 3591 magnifico
554 3522 723 3574 sermone
753 3504 944 3581 adversam
969 3506 1156 3574 fortunam
1183 3523 1316 3593 provo-

208 3628 355 3701 cantes,
375 3619 636 3708 doloremque,
652 3628 859 3709 caeteraque
879 3619 973 3688 mala
990 3620 1142 3690 omnino
1162 3639 1241 3698 esse
1255 3640 1316 3696 ue-

210 3743 350 3824 gaules,
377 3733 470 3805 Cum
483 3735 690 3808 remedium
707 3754 840 3823 nempe
859 3743 914 3803 tot
934 3734 1040 3803 malis
1052 3734 1187 3823 quibus
1206 3755 1318 3808 mun-

178 3920 182 3927 ,
209 3850 280 3924 dus
303 3849 486 3926 laboraret
504 3849 648 3920 nullum
672 3849 804 3917 afferre
825 3858 998 3936 possent,
1020 3868 1062 3917 ea
1090 3849 1242 3919 omnino
1271 3850 1317 3920 de

243 4152 278 4220 (t)
293 4150 393 4220 Ᾱρέσκει
400 4154 434 4217 τῷ
442 4153 541 4211 ῑηνώνι,
551 4153 645 4207 καὶτοῖς
654 4153 695 4200 ἀπ’
703 4152 777 4200 αὐτοῦ
787 4152 928 4216 φιλοσόφοις,
937 4151 979 4198 δύο
988 4153 1048 4216 γένη
1055 4155 1104 4201 τῶν
1111 4155 1242 4220 ἀνθρώπων
1251 4159 1320 4222 εἶναι,

210 4237 239 4288 τὸ
252 4237 294 4298 μὶν
304 4233 440 4284 σπουδαίων
452 4235 495 4293 ,τὸ
509 4231 534 4281 u
544 4232 593 4281 τῶν
602 4230 702 4296 φαύλων
712 4232 844 4295 (Stobaeus,
853 4233 936 4293 ming.
945 4233 1003 4286 Bm.
1017 4234 1051 4293 lt,
1062 4248 1087 4297 p.
1102 4237 1162 4297 198).
