2984 4750
260 849 299 899 lis
315 849 392 902 Utile.
402 878 430 884 -
443 851 573 912 Quatenus
585 852 623 900 tir
638 850 719 899 bonus
732 852 834 913 privatis
852 850 1000 900 utilitatibus
1011 854 1086 912 possit
1097 851 1233 902 consulere.
1243 873 1273 887 -·

553 929 587 978 lie
598 927 708 978 honestis
719 928 862 978 ambitionis
874 929 976 978 artibus.

689 1095 758 1140 Omni
773 1096 842 1152 igitur
851 1097 940 1140 ratione
953 1097 1052 1143 nolentis
1062 1103 1084 1140 et
1100 1097 1321 1150 retinendajustitia

665 1170 713 1220 ost,
728 1172 777 1212 tum
789 1168 838 1224 ipss
848 1172 1016 1224 proptsrsese,
1026 1173 1075 1210 turn
1085 1173 1178 1223 propter
1188 1168 1319 1225 amplitica-

667 1237 753 1281 tionem
765 1237 860 1281 honoris
869 1250 896 1282 sc
907 1238 993 1292 glorie.

981 1335 1030 1388 (ue
1046 1335 1098 1391 off..
1109 1334 1141 1387 ιι,
1158 1337 1200 1388 η.)

261 1533 460 1621 Postquam
477 1528 576 1618 Reip.
591 1528 681 1599 civis
690 1528 884 1613 satisfecit,
899 1540 979 1600 tum
994 1531 1064 1599 sibi
1074 1532 1224 1623 suisque
1235 1534 1322 1603 licet

211 1646 402 1717 inservire.
421 1685 467 1696 -
486 1643 583 1729 Quid
607 1644 722 1733 igitur
747 1642 818 1714 sibi
841 1645 999 1734 quisque
1022 1645 1174 1730 debeat,
1193 1657 1324 1738 quate-

213 1781 357 1852 nusque
375 1759 588 1830 domesticis
607 1758 718 1829 rebus
735 1759 887 1829 honeste
903 1760 1096 1831 consulere
1116 1763 1252 1852 possit,
1269 1783 1324 1833 se

213 1876 335 1945 cundo
350 1874 408 1944 sui
421 1873 649 1965 operislibro
666 1873 852 1945 subtiliter
869 1873 997 1945 Cicero
1007 1876 1236 1967 exsequitur,
1254 1888 1325 1946 sta-

214 1990 371 2079 tuitque.

263 2104 346 2176 Jam
377 2104 581 2175 Panaetium
612 2123 724 2195 supra
747 2103 931 2185 vidimus,
952 2105 1327 2196 aprincipibnsStoae

216 2220 513 2301 dissentientem,
530 2227 664 2308 praeter
682 2219 719 2288 id
732 2219 832 2310 quod
847 2218 1013 2290 absolute
1026 2222 1329 2291 honestumesset

216 2342 254 2405 et
270 2353 336 2424 per
348 2352 385 2404 se
403 2333 672 2424 expetendum,
692 2333 828 2404 multas
851 2352 999 2424 quoque
1016 2334 1105 2405 alias
1122 2354 1182 2406 res
1197 2355 1329 2427 appro-

216 2449 325 2532 bare,
341 2459 384 2519 ut
399 2448 567 2531 divitias,
584 2449 741 2519 honores
755 2458 793 2518 et
805 2447 959 2531 similia,
977 2469 1073 2540 quae,
1089 2451 1330 2541 quamvisper

217 2583 256 2635 se
274 2562 367 2632 nibil
397 2563 619 2646 honestum,
636 2562 730 2632 nibil
757 2573 864 2652 turpe
892 2564 1071 2647 habeant,
1103 2584 1177 2637 non
1206 2575 1329 2636 tamen

218 2677 464 2767 despiciendae
482 2677 691 2759 videantur,
708 2677 846 2767 quippe
859 2698 977 2768 quum
996 2679 1197 2769 plurimum
1216 2681 1262 2751 ad
1275 2681 1332 2751 el-

187 2833 189 2838 ·
221 2791 417 2889 ficiendam
440 2792 557 2878 vitam,
584 2791 729 2862 beatam
749 2791 954 2881 proficiant.
986 2794 1114 2884 ltaque
1128 2815 1187 2866 res
1205 2796 1334 2865 istius-

220 2907 320 2977 modi
334 2908 440 2997 quasi
453 2906 592 2978 medias
602 2916 639 2978 et
651 2927 719 2998 per
730 2927 769 2978 se
779 2907 1031 2979 indifferentes
1047 2911 1242 3013 (elisamae)
1253 2930 1334 2982 esse

220 3021 393 3104 docebat;
423 3042 506 3112 quae
530 3022 569 3091 in
597 3022 686 3091 alias
710 3033 821 3112 atque
850 3023 938 3092 alias
958 3024 1154 3114 qualitates
1171 3027 1334 3099 converti

221 3147 392 3227 possent,
417 3147 527 3227 prout
553 3139 710 3227 quisque
740 3138 791 3207 iis
811 3137 906 3208 bene
932 3140 1112 3209 animale
1136 3150 1329 3211 uteretur:

221 3250 368 3321 easdem
387 3270 521 3342 nempe
539 3252 677 3340 pariter
692 3251 807 3321 autin
823 3251 970 3321 virtutis
983 3253 1286 3336 similitudinem,
1302 3254 1334 3323 si

223 3366 317 3436 bene
335 3373 604 3448 tractarentur,
619 3364 753 3437 adduci
770 3385 876 3456 posse
889 3420 898 3449 ,
912 3375 977 3436 aut
984 3367 1015 3436 si
1024 3368 1139 3450 male,
1156 3367 1195 3437 in
1205 3368 1336 3439 vitium

223 3480 425 3571 depravari.
442 3479 532 3549 inde
549 3481 711 3551 secunda
728 3500 808 3564 sua,
827 3492 905 3556 κατὰ
923 3491 955 3557 τὸ
970 3491 1124 3566 keinton,
1144 3482 1273 3552 Officia
1290 3483 1337 3552 ad

225 3595 441 3685 popularem
458 3604 608 3684 captum
621 3605 896 3685 composuerat,

274 3709 565 3796 staminibus,
587 3712 763 3802 quonlam
783 3730 856 3781 non
880 3711 926 3780 ad
942 3708 1110 3800 perfectos
1126 3712 1337 3783 hominesne

221 3827 326 3915 plone
336 3826 505 3914 scipiones
517 3826 714 3908 scribebat,
728 3835 826 3895 totns
838 3824 898 3894 hic
911 3826 1026 3895 ferme
1041 3827 1079 3894 in
1090 3825 1339 3898 mediocribus

225 3940 306 4011 istis
323 3949 433 4030 atque
450 3941 548 4012 inter
566 3942 764 4011 utilitatem
782 3940 1031 4031 virtutemque
1050 3941 1262 4030 temperatis
1279 3943 1339 4013 Ol·

227 4056 319 4126 ficiis
351 4064 418 4125 est.
451 4056 595 4126 Bonum
629 4056 755 4147 itaque
787 4057 906 4125 virum
937 4065 1012 4126 tam
1037 4075 1169 4145 parom
1192 4056 1239 4126 ab
1271 4076 1338 4125 au·

229 4168 356 4257 gendis
369 4171 529 4261 propriis
542 4170 652 4240 rebus
667 4170 852 4240 deterrere
866 4171 1019 4258 cogitat,
1036 4181 1077 4240 ut
1089 4172 1341 4243 minutissime
