2984 4750
608 255 799 331 ...53-

153 430 267 502 ferme
280 448 395 518 genus
409 424 614 498 humanum
627 428 665 496 in
682 428 812 498 eadem
828 412 978 498 demum
992 427 1150 500 civitatis
1162 448 1259 501 com-

155 546 332 617 munitate
352 544 671 634 complecteretur.
689 542 1069 631 Dum‘igiturvulgas,
1088 544 1259 634 quodua-

154 671 237 731 tnra
256 660 352 729 ialra
367 678 449 729 eam
472 654 766 745 magnitudinem
782 658 899 747 jacet,
920 657 1037 747 patria
1054 657 1106 727 sic
1130 658 1169 727 iu
1187 659 1259 728 im-

153 795 323 847 mensum
340 784 597 857 evanescente,
626 773 730 864 quasi
748 794 790 843 ea
811 772 998 861 periisset,
1017 772 1057 841 in
1078 772 1259 844 Caesarem

148 891 240 981 jam,
252 891 316 981 qui
330 909 397 981 pro
415 888 531 980 patria
544 907 684 979 proque
698 888 775 959 Diis
784 887 1009 976 indigetibus
1018 897 1118 970 erat,
1135 888 1259 958 omnia

152 1005 273 1077 studia
303 1012 560 1075 converterent
595 1027 604 1071 ε
647 1004 903 1094 prudentiores
944 998 1029 1073 vero
1070 1003 1256 1086 homiues,

152 1121 332 1213 ademptis
350 1119 612 1191 minutioribus
625 1120 810 1209 majorum
826 1119 1020 1205 institutis,
1036 1118 1258 1190 meliustum

151 1241 321 1311 latiorem
349 1236 459 1307 aliam
490 1236 735 1327 omnibusque
772 1237 984 1307 bominibus
1022 1255 1258 1335 communem

150 1354 337 1427 civitatem
364 1369 443 1421 esse
471 1359 711 1438 agnoverunt.
743 1350 1064 1438 Quemadmodum
1095 1353 1197 1423 euim
1215 1372 1257 1422 ex

151 1469 295 1539 infinita
317 1467 478 1539 Deorum
500 1466 674 1549 colluvie,
694 1486 788 1557 quos
807 1467 921 1538 Roma
937 1468 1074 1559 pariter
1090 1469 1129 1537 in
1152 1487 1257 1538 suam

151 1583 366 1671 religionem
381 1591 593 1671 exceperat,
609 1581 754 1658 facilius
768 1582 879 1652 unias
893 1582 960 1652 Dei
975 1583 1188 1673 opinionem
1200 1604 1258 1654 er-

149 1708 271 1771 ortam
278 1715 356 1771 esse
364 1695 523 1769 libenter
533 1696 812 1781 affirmaverim
833 1698 935 1768 sicet
950 1697 1138 1784 Romanis,
1155 1710 1256 1790 post·
1287 1683 1289 1686 ⁵

150 1833 263 1906 quam
287 1830 417 1887 omnes
440 1821 567 1901 gentes
587 1813 626 1882 in
652 1812 789 1883 Urbem
812 1814 1031 1884 confluxisse
1059 1813 1254 1898 vidissent,

148 1931 286 2002 clarius
309 1927 397 1999 inde
422 1929 568 2000 elucere
584 1930 712 2000 debuit
730 1929 883 2000 bumani
901 1930 1045 2019 generis
1061 1930 1196 2002 unitas.
1211 1973 1256 1984 —

150 2046 269 2133 Quam
286 2054 409 2115 tamea
426 2044 622 2115 veritatem
639 2053 746 2115 antea
760 2045 888 2118 multis
906 2065 929 2114 a·
947 2044 1174 2136 pbilosophis
1191 2048 1258 2117 de-

148 2164 288 2231 fensam
301 2178 381 2230 esse
391 2158 489 2228 baud
501 2159 660 2247 negabo:
679 2179 841 2250 quorum
851 2160 1057 2250 principem
1069 2160 1255 2233 Socratem

147 2276 269 2366 ipsum
291 2275 499 2365 accepimus
526 2274 648 2345 dicere
674 2275 842 2361 solitum,
868 2296 905 2345 se
933 2295 1001 2349 uun
1018 2275 1255 2348 Atheniensem

149 2392 261 2475 modo,
271 2391 332 2460 sed
345 2391 446 2462 uriae
459 2391 703 2464 mundieioem
716 2410 787 2460 erae
798 2388 865 2487 (l).
882 2390 940 2461 Sic
953 2401 991 2462 et
1008 2390 1119 2463 Stoici
1135 2402 1255 2464 totum

146 2504 276 2577 orbem
292 2511 478 2576 terrarum
496 2505 739 2597 municipium
754 2525 863 2577 suum
878 2526 956 2577 esse
973 2506 1258 2597 profitebantur..

146 2619 216 2692 Sed
239 2628 377 2711 quanto
394 2619 432 2689 id
452 2620 682 2692 manifestius
698 2631 863 2711 apparet,
876 2632 1070 2713 postquam
1084 2625 1255 2711 revulsis,

146 2736 282 2827 quibus
295 2735 430 2823 singuli
446 2736 571 2826 populi
589 2737 1001 2821 circumscriberentur,
1022 2739 1153 2830 septis,

227 2995 231 3006 ,
313 2953 431 3003 Romanae
444 2955 553 3016 spatium
565 2957 602 3003 est
617 2953 701 3004 Urbis
712 2959 737 3003 et
756 2955 841 3005 Orbis
851 2956 936 3005 idem?

188 3133 433 3206 Communem
462 3155 547 3206 vero
576 3135 678 3206 illam
710 3137 881 3216 omnium
910 3138 1104 3211 bominum
1134 3140 1250 3210 socie·

139 3258 275 3332 tatem,
295 3250 578 3341 universamque
590 3253 859 3324 fraternitatem
876 3272 971 3344 saepe
988 3254 1027 3323 in
1046 3256 1116 3324 hoc
1129 3254 1257 3345 Opere·

138 3365 261 3453 attigit
278 3365 416 3437 Cicero.
445 3368 553 3438 «Non
573 3369 662 3439 satis
681 3378 755 3451 est,
771 3370 839 3453 ait,
856 3369 992 3440 civium
1003 3370 1152 3441 utilitati
1166 3390 1251 3441 con-

140 3510 154 3543 ,
180 3480 357 3563 suluisse;
372 3482 434 3553 sed
451 3493 488 3553 et
499 3484 703 3554 secuudum
718 3494 890 3556 naturam
901 3492 976 3569 est,
995 3506 1062 3576 pro
1077 3487 1256 3558 omnibus

140 3626 154 3658 t
180 3596 367 3684 gentibus,
392 3598 422 3667 si
440 3597 519 3668 lieri
538 3600 671 3689 possit,
692 3601 951 3672 conservandis
971 3611 1036 3672 aut
1053 3602 1245 3692 iuvandis,

139 3743 153 3774 2
179 3712 358 3783 maximos
370 3713 528 3797 labores,
549 3715 808 3806 molestiasque
819 3718 1024 3807 suscipere;
1040 3718 1248 3790 imitantem

139 3857 153 3888 ι
180 3825 377 3898 Herculem
390 3828 518 3914 illum,
535 3850 647 3921 quem
661 3830 966 3902 bominumlama
983 3833 1247 3904 beneficiorum
1282 3826 1285 3830 ’

139 3960 321 4013 »memor
350 3943 388 4011 in
411 3945 570 4015 concilio
590 3946 797 4017 coelestium
823 3948 1014 4019 collocavit
1031 3948 1123 4039 (lll,
1149 3948 1200 4044 5).
1226 3980 1238 4011 ι
1342 3929 1346 3938 ’

169 4258 204 4323 (ι)
221 4260 285 4311 blut.
297 4262 409 4323 debirit,
419 4267 442 4312 5.
