2984 4750
599 286 803 360 465-

157 461 196 530 iu
207 456 358 551 putrium
377 461 575 542 caritatem,
592 460 773 549 laudisque
784 466 956 541 umorem,
976 451 1195 547 studiumque
1207 457 1265 524 ui-

154 574 303 666 puitutit
318 574 507 660 admovet,
526 575 677 665 suisque
690 566 820 644 officiis
837 566 880 644 ea²
897 572 1032 665 quibus
1044 572 1262 652 sanciantur,

159 680 320 781 subjicit.
332 684 502 762 —llulta
515 702 605 760 sane
625 691 664 760 in
685 696 733 761 ea'
750 690 896 760 virtutis
917 687 1190 779 comparatione
1205 703 1267 756 re-

160 806 441 905 prehendimus,
474 824 556 899 quae
584 804 696 876 nimis
719 802 767 875 ad
790 804 1041 874 ostentationem
1065 800 1267 893 composita

161 920 374 991 viderentur
385 936 395 1010 3'
422 940 465 991 ac
483 940 578 1011 saepe
596 928 788 991 auctorem·
801 917 960 988 diximus
974 910 1012 986 in
1029 916 1189 987 hominis
1206 934 1269 1011 re—

161 1054 320 1127 rumque
337 1046 511 1127 tanquam
536 1036 673 1107 cortice
695 1035 854 1105 haesisse.
876 1033 1169 1116 Attamen,'cum
1190 1032 1269 1121 jam

161 1152 387 1240 respeximus
409 1151 526 1239 magis
544 1149 634 1240 quid
654 1146 782 1220 Cicero
807 1149 972 1232 fecisset,
993 1164 1106 1242 quam
1122 1144 1213 1238 quid
1229 1145 1269 1215 in

160 1267 242 1355 ejus
260 1284 372 1357 opere
395 1265 595 1337 desiderari
621 1272 763 1355 posset,
786 1272 1072 1353 temporumque
1091 1263 1271 1353 iniquita·

162 1389 237 1451 tem
263 1382 535 1471 reputavimus;
561 1389 644 1449 tum
670 1379 896 1467 singularem
914 1377 1155 1467 prudentiam
1177 1377 1271 1446 tanti

161 1497 261 1567 illius
276 1494 345 1567 viri
367 1495 540 1566 admirati
555 1512 703 1578 sumus,
734 1495 800 1584 qui
824 1493 999 1564 virtutem
1020 1514 1063 1564 ex
1081 1493 1272 1565 communi

162 1611 330 1682 omnium
353 1628 481 1683 rerum
509 1610 700 1699 naufragio
723 1610 886 1699 eripere,
914 1604 1159 1699 eximiamque
1176 1607 1271 1679 Stoae

162 1726 394 1817 disciplinam
418 1727 464 1797 ad
490 1724 704 1817 popularem
728 1736 879 1816 captum
903 1724 1181 1817 accommodare
1207 1743 1274 1793 vo-

161 1841 244 1925 luit,
262 1861 418 1933 eamque
427 1842 642 1925 humanam,
662 1860 749 1911 cum
763 1849 896 1910 oaetera
913 1840 1041 1910 omnia
1058 1838 1270 1922 delicerent,

162 1956 335 2028 humanis
356 1958 529 2028 instruxit
548 1957 795 2028 adminiculis.

82 2153 88 2162 ,
213 2072 293 2143 Νοη
314 2073 374 2144 bic
396 2083 574 2163 preterea
591 2072 717 2144 omnia
737 2072 783 2141 de
799 2070 987 2142 Ciceronis
1009 2068 1149 2141 Officiis
1167 2072 1274 2142 testi-

164 2188 302 2270 monia,
328 2187 374 2259 ad
398 2188 601 2277 cogendam
623 2185 933 2276 disputationem,
952 2186 1124 2273 colligam
1144 2207 1153 2256 :
1174 2185 1274 2276 quod

164 2304 352 2376 infinitum
377 2314 483 2375 esset.
519 2300 606 2386 Sed,
636 2310 678 2375 ut
711 2311 863 2372 caeteros
893 2302 1084 2387 omittam,
1109 2294 1275 2393 quoties·

164 2414 324 2508 cumque
348 2417 519 2488 Erasmus
539 2417 579 2486 in
600 2418 657 2487 bis
676 2415 783 2487 libris
798 2428 875 2487 tam
899 2427 997 2489 caste
1014 2427 1212 2507 sancteque
1230 2415 1275 2486 de

166 2533 241 2603 vita
265 2544 448 2623 praec‘epta
464 2529 684 2614 offenderet,
708 2541 811 2602 tanta
830 2550 917 2601 eum
943 2529 1090 2601 subibat
1116 2533 1276 2602 auctoris

165 2646 382 2728 admiratio,
408 2651 450 2716 ut
475 2646 639 2716 codicem
665 2645 962 2727 exoscularetur,
988 2645 1093 2735 quasi
1109 2645 1276 2716 divinum

164 2761 322 2851 aliquid,
342 2767 586 2851 sanctumque
600 2759 692 2831 illud
715 2769 840 2851 pectus
858 2759 999 2830 coelesti
1015 2759 1168 2830 numine
1180 2760 1277 2829 affla-

165 2886 246 2947 tum
262 2884 500 2946 veneraretur
520 2898 529 2944 :
547 2895 589 2945 ac
607 2895 737 2965 parum
756 2876 894 2958 abfuit,
916 2876 1006 2965 quin
1020 2875 1181 2946 Tullium
1195 2895 1276 2946 nos

96 3056 100 3061 .
167 3002 268 3061 trum
286 2990 326 3059 in
338 2990 488 3061 Patrnm
506 2991 724 3061 Christianae
736 2990 913 3060 doctrinae
931 3007 1130 3060 numerum
1142 2991 1277 3062 adscri-

167 3106 271 3176 beret
289 3104 353 3200 (l).

215 3220 259 3291 At
276 3221 439 3310 prolecto
461 3220 540 3309 ipse
566 3220 738 3311 equidem
762 3219 904 3290 fatebor
928 3218 1143 3290 Ciceronem
1168 3222 1206 3289 in
1232 3240 1275 3291 ea

166 3335 298 3405 morali
323 3334 577 3417 institutione,
605 3335 787 3425 quidquid
816 3335 955 3404 valeret
983 3336 1116 3419 bomo,
1146 3345 1276 3424 quate-

166 3465 310 3540 nusque
326 3449 486 3540 propriis
503 3449 641 3520 viribus
659 3450 705 3519 ad
723 3450 898 3520 virtutem
915 3450 1007 3520 eniti
1028 3460 1172 3541 posset,
1201 3470 1276 3521 ma-

166 3564 297 3652 gnifice
325 3563 539 3634 ostendisse.
569 3562 637 3634 Sed
657 3574 853 3654 postquam
871 3566 970 3655 quod
987 3566 1049 3635 ille
1066 3564 1112 3634 ad
1131 3575 1275 3637 restau-

166 3678 320 3747 randam
345 3678 528 3766 majorum
558 3679 734 3748 virtutem
766 3678 961 3748 tentaverit
993 3680 1211 3769 approbavi;
1245 3684 1276 3750 si

165 3811 295 3863 rursus
315 3802 526 3882 temporum
556 3795 789 3865 necessitates
807 3794 1021 3883 respiciam,
1038 3796 1117 3884 jam
1134 3797 1277 3885 specio-

165 3921 243 3975 sam
270 3927 353 3977 eam
384 3909 611 3980 extrinsecus
640 3909 874 4000 disciplinam
903 3911 1006 3999 parvi
1041 3921 1104 3980 aut
1136 3911 1276 3981 nullius
1371 3925 1374 3930 ’

165 4022 281 4092 ferme
299 4024 478 4093 momenti
497 4025 607 4095 luisse
630 4026 817 4114 intelligo,
846 4025 892 4094 ad
918 4027 1118 4095 sanandam
1142 4028 1277 4096 imma·

196 4284 229 4344 (1)
247 4283 341 4347 colloq.
359 4284 439 4336 Conr.
457 4286 533 4348 Relig.
