2984 4750
580 316 773 385 ..11-

127 480 329 572 p'raesertim
341 490 422 571 post
439 482 563 552 civiles
580 484 777 571 procellas,
800 483 942 565 allexit,
963 501 1075 571 quam
1091 481 1238 552 mollior

126 617 272 686 eaquae
295 597 440 686 Epicuri
467 598 685 668 auctoritate
710 599 818 684 vulgo
842 597 1106 667 defendebatur
1127 594 1234 666 disci·

128 710 238 799 plina.
261 711 377 793 Nam,
397 695 757 801 praeterquamquod
774 712 925 800 cognitu
944 711 1125 801 perfacilis
1140 721 1236 793 erat,

129 825 333 895 socordiam
352 827 507 895 honesto
525 827 675 895 nomine
693 836 730 896 et
749 826 908 916 quadam
926 825 1104 914 dignitate
1125 825 1241 895 servi·

129 950 246 1010 tutem
263 940 557 1012 commendabat..
573 940 670 1026 Quid
688 950 811 1011 autem
833 941 898 1024 iis,
918 940 983 1031 qui
996 942 1072 1030 jam
1093 940 1241 1010 erebus

129 1054 285 1142 publicis
320 1054 621 1137 excludebantur,
668 1055 913 1144 opportunius
947 1053 1061 1123 videri
1097 1054 1238 1143 potuit,

129 1188 242 1258 quam
276 1169 367 1239 illud
397 1169 566 1259 Epicuri,
594 1178 643 1243 τὸν
660 1178 749 1265 σοφόν
775 1184 807 1242 οῦ
832 1174 1054 1245 solatiantur?
1085 1170 1241 1239 Facilius

130 1285 237 1368 lrlnc,
258 1285 446 1373 sapientiae
466 1286 586 1374 specie
607 1285 771 1374 decepti,
785 1287 993 1375 ademptam
1012 1285 1240 1365 libertatem,

130 1400 235 1492 ‹puasi
260 1400 578 1490 imminuentem,
615 1401 919 1490 aspernabantur,
953 1419 1065 1489 seque
1097 1400 1186 1483 diis,
1211 1398 1243 1468 si

132 1515 270 1585 nullam
292 1516 500 1586 communis
521 1517 649 1586 salutis
670 1535 797 1585 curam
825 1526 1011 1603 gererent,
1046 1514 1242 1585 similiores

132 1630 212 1699 fr'eri
224 1630 491 1700 existimabant.
854 1637 858 1644 '

182 1744 373 1813 inlinitum
399 1745 513 1831 igitur
535 1754 631 1813 esset
659 1745 698 1813 in
720 1744 836 1833 ipsius
861 1743 1049 1814 Ciceronis
1069 1743 1243 1833 operibus

131 1876 317 1948 quaerere,
353 1869 444 1948 quot
467 1858 608 1928 nobiles
634 1860 702 1927 viri
728 1860 987 1949 principesque
1013 1859 1171 1929 civitatis
1198 1859 1244 1928 ad

132 2091 217 2158 dam
233 2070 439 2178 Amafinius
456 2090 610 2159 Romam
627 2090 769 2178 primus
787 2091 984 2172 intulerat,
1010 2102 1188 2180 tanquam
1205 2091 1245 2158 in

128 2206 238 2292 justae
252 2204 403 2290 ignaviae
421 2223 631 2287 recessum,
656 2205 900 2292 confugerint.
936 2204 1103 2290 Quorum
1121 2216 1246 2275 tamen

132 2321 172 2387 in
199 2337 373 2400 numeru,
406 2338 521 2388 unum
551 2328 614 2389 aut
648 2319 806 2390 alterum
834 2321 1026 2390 nominare
1054 2321 1163 2392 velim
1183 2324 1246 2410 (ut

132 2434 218 2504 inde
232 2435 367 2503 clarius
383 2435 616 2523 publicarum
640 2434 819 2504 virtutum
843 2435 1006 2506 defectus
1030 2435 1244 2529 appareat),

133 2551 275 2622 Catium
293 2550 434 2619 scilicet
449 2550 655 2631 funebrem,
686 2570 799 2639 quern
816 2551 991 2620 Horatius
1007 2552 1121 2621 facete
1138 2551 1178 2622 in
1193 2571 1249 2620 sa-

132 2666 244 2735 tiram
264 2666 408 2735 inducit
424 2666 469 2735 de
487 2673 566 2735 arte
583 2665 800 2754 coquinaria
816 2665 1079 2744 disserentem3
1099 2665 1248 2752 Pompo-

133 2782 306 2870 niumque
324 2784 358 2851 A
363 2781 496 2862 tticum,
509 2780 630 2849 Nostri
644 2780 875 2862 familiarem,
890 2798 1035 2848 summa
1051 2778 1248 2848 securitate

134 2897 235 2965 inter
249 2894 452 2968 discordias
471 2896 743 2984 perfruentem3
761 2895 1008 2982 Cassiumque
1021 2893 1143 2982 ipsum
1161 2893 1250 2961 Lon-

131 3011 259 3099 pt'num
281 3011 321 3078 in
349 3009 500 3081 Caesaris
527 3010 626 3080 caede
653 3009 767 3094 magis
789 3008 854 3076 irae
872 3027 984 3097 quarn
1002 3008 1129 3097 patriae
1152 3005 1249 3075 utili·

135 3125 204 3193 tati
228 3124 494 3194 consulentem.
528 3123 624 3209 Quid
646 3131 824 3212 praeterea
843 3122 884 3190 L'.
907 3122 1142 3209 Torquatum,
1159 3118 1250 3208 quid

139 3241 181 3310 C.
204 3239 243 3311 V
243 3240 384 3324 elicium
402 3243 629 3308 memorem?
648 3236 737 3326 quid
760 3239 799 3308 C.
819 3236 1025 3306 Memmium
1040 3233 1249 3315 Gemellum,

140 3365 204 3423 aut
217 3355 333 3422 multo
348 3373 495 3444 quoque
511 3353 706 3423 clariorem
723 3351 839 3439 ipsius
851 3350 1032 3431 amicum,
1054 3349 1251 3419 Lucretium

140 3469 292 3550 Certim,
313 3468 377 3556 qui
395 3468 518 3541 divino
535 3468 675 3555 ingenii
692 3467 750 3536 sni
769 3465 962 3555 splendore
977 3463 1142 3551 magistri
1151 3481 1251 3531 som-

142 3581 203 3649 nia
220 3580 433 3664 illustravit,
462 3584 714 3670 moralemque
734 3579 898 3671 eJ‘usdem
918 3578 1123 3647 doctrinam
1143 3577 1254 3662 vulgo

142 3697 383 3767 deformatam
408 3698 453 3764 ad
481 3698 641 3786 priorem
670 3716 775 3766 suam
806 3691 1057 3780 integritatem
1083 3687 1254 3758 studebat

145 3816 340 3881 revocaret

193 3924 372 4012 Epicurus
384 3925 497 4006 enim,
521 3939 607 3994 cum
625 3925 749 3993 omnia
766 3933 836 4023 πρὸς
849 3928 954 3999 tonat
971 3916 1162 3989 referenda
1174 3934 1256 3985 esse

145 4037 307 4119 diceret,
333 4046 503 4108 nontam
528 4040 677 4109 brevem
702 4039 810 4107 istam
834 4033 999 4126 corporis
1028 4031 1253 4119 voluptatem

147 4152 351 4242 spectabat,
373 4167 483 4243 quam
505 4174 586 4224 eam
604 4175 687 4244 quae
711 4155 788 4223 sola
806 4153 941 4222 virtute
964 4148 1122 4218 efficitur
1141 4145 1259 4213 totius

149 4267 228 4338 viiie
266 4268 478 4338 feliciialem
510 4275 576 4359 (τήν
609 4284 660 4343 τοῦ
685 4276 754 4339 ὅλου
776 4276 879 4347 αἴωνος
906 4271 1121 4358 μακαριότητα.
1148 4257 1252 4343 DiOss·
