2984 4750
611 287 656 297 ..
681 235 728 316 (53
755 288 801 299 .-

153 412 370 500 prudentia,
399 415 678 503 communisque
699 433 787 484 usus
804 423 996 502 respectu,
1021 433 1165 504 semper
1183 427 1261 484 me·

153 527 257 597 dium
271 527 471 619 quoddam,
483 528 521 596 in
534 548 607 617 quo
619 548 700 597 vera
711 527 826 597 virtus
838 529 1063 611 continetur,
1074 529 1257 610 observat,

152 652 188 711 et
207 643 492 714 circumscribit.

203 758 283 828 Non
300 779 386 830 eum
418 761 513 828 ultra
541 777 604 846 per
630 758 829 827 definiendi
856 759 1018 847 argutias
1039 778 1261 849 sequemur,

155 873 391 964 singulasque
408 874 574 973 fraudes,
601 872 732 942 nome
750 873 915 956 usitatas,
940 873 1151 955 insidiasve,
1180 896 1263 965 quae

155 988 193 1055 in
213 988 413 1071 mandatis,
434 989 546 1058 rebus
559 988 705 1076 emptis,
728 988 905 1071 venditis,
925 990 1192 1078 conductisque
1210 984 1265 1059 la'·

154 1113 231 1172 tere
253 1105 416 1192 possint,
449 1105 659 1175 acutissime
687 1104 940 1175 insectantem.
970 1106 1113 1192 Quibus
1139 1115 1263 1177 autem

154 1219 193 1286 in
211 1219 543 1319 consultationibus
565 1218 623 1313 (ut
643 1227 777 1291 cuncta
795 1239 870 1290 uno
894 1221 1005 1289 verbo
1023 1221 1262 1316 complectar)

155 1355 241 1404 enm
259 1354 403 1424 semper
418 1336 540 1405 videas
557 1336 690 1404 eximia
702 1335 898 1422 sagacitate
911 1335 1087 1404 formulas
1102 1337 1199 1424 J'uris
1212 1338 1267 1405 ci-

156 1450 237 1518 vilis
257 1450 429 1539 legesque
447 1450 627 1519 Romanas
647 1450 692 1518 ad
709 1469 946 1520 communem
967 1458 1108 1520 naturae
1121 1452 1262 1538 legem,

154 1572 331 1653 tanquam
350 1566 394 1634 ad
409 1565 590 1652 originem
608 1584 725 1650 suam,
747 1572 993 1633 revocantem.
1012 1565 1190 1654 Nequein
1207 1567 1266 1635 his

155 1681 380 1749 exsolvendis
397 1680 472 1749 doli
489 1680 630 1768 laqueis
656 1698 801 1768 semper
826 1679 1023 1749 detinetur.
1047 1679 1115 1750 Sed
1145 1690 1266 1752 totum

155 1795 255 1863 hunc
273 1796 425 1864 tertium
449 1795 586 1864 librum
614 1805 668 1864 tot
692 1795 801 1864 variis
822 1805 997 1884 praeterea
1024 1796 1200 1885 exemplis
1226 1817 1270 1865 ex

156 1909 320 1979 Romana
345 1911 496 1981 historia
522 1911 717 1999 excerptis,
747 1911 1078 2000 venustissimeque
1104 1913 1269 1981 tractatis

57 2087 59 2090 ,
154 2025 365 2115 adspergit,
395 2046 437 2096 ac
460 2026 637 2113 singulari
662 2045 728 2094 suo
756 2026 904 2112 ingenio
930 2027 1020 2095 adeo
1037 2026 1211 2109 adornat,
1230 2037 1272 2098 ut

156 2158 231 2209 non
247 2141 335 2210 satis
345 2141 422 2230 jam
447 2141 506 2210 hic
529 2141 757 2227 distinguere
776 2140 907 2223 valeas,
928 2140 1073 2229 quidex
1095 2141 1176 2210 aliis
1194 2143 1271 2211 fou-

157 2254 257 2325 tibus
273 2255 476 2344 discipulus
493 2255 678 2339 hauserit,
707 2254 840 2343 quidve
858 2273 901 2323 ex
923 2273 961 2324 se
982 2254 1062 2344 ipso
1080 2255 1270 2345 proprium

157 2371 362 2448 extulerit:
395 2371 536 2460 ingenti
561 2371 683 2455 amni,
712 2381 754 2440 ut
781 2371 832 2439 ita
863 2370 1001 2453 dicam,
1029 2370 1180 2454 similis,
1204 2369 1270 2462 qul

158 2488 353 2575 magnifico
375 2507 486 2558 cursu
512 2488 609 2557 rivos
635 2507 677 2557 ex
701 2486 855 2557 diversis
870 2485 1057 2556 montibus
1082 2486 1272 2557 affluentes

162 2603 375 2686 indistincte
390 2603 614 2692 jamomnes
631 2602 858 2691 permiscuit.

209 2717 284 2788 Hos
314 2718 360 2789 de
387 2717 527 2788 Officiis
555 2718 690 2799 libros,
730 2724 878 2788 mortuo
895 2715 1035 2787 Caesare
1065 2717 1272 2806 incoeptos,

159 2833 267 2923 paulo
285 2843 370 2904 ante
389 2842 546 2903 mortem
563 2852 690 2916 suam,
710 2832 831 2902 Hirtio
850 2840 888 2901 et
905 2831 1023 2900 Pansa
1036 2851 1127 2901 coss.
1151 2833 1273 2902 absol-

160 2947 268 3018 vebat
285 2947 423 3034 Cicero.
438 2947 506 3015 Hic
520 3000 528 3029 ,
544 2947 641 3016 inter
656 2965 867 3036 supremam
884 2946 1058 3016 adversus
1071 2946 1272 3016 Antonium

160 3063 461 3145 dimicationem,
484 3063 659 3131 virtutem
680 3080 785 3131 suam
799 3060 926 3150 patriae
944 3060 1172 3151 Justitiaeque
1190 3078 1275 3131 con-

164 3178 400 3267 templatione
430 3178 629 3266 erigebat:
659 3178 745 3247 inde
783 3196 896 3247 novos
923 3175 1076 3265 spiritus
1102 3176 1271 3259 haurire,

163 3311 330 3382 novaque
351 3292 455 3388 quasi
474 3292 690 3363 fortitudine
717 3293 910 3380 accingere
937 3311 975 3362 se
1001 3291 1204 3361 videbatur.
1232 3290 1276 3359 lit

163 3425 275 3495 quem
286 3408 399 3478 modo
412 3407 616 3497 sapientem
629 3408 857 3497 intrepidum
867 3407 1059 3496 periculis,
1074 3406 1274 3496 patrieque

163 3520 458 3592 amantissimum
475 3522 641 3592 oratione
661 3532 909 3612 expresserat,
929 3523 1064 3612 ipsein
1085 3522 1190 3592 curia
1214 3540 1276 3590 re-

162 3634 302 3706 ferebat
322 3637 501 3707 acerrima
527 3638 670 3708 actione
694 3661 702 3707 ε
731 3657 935 3728 rursusque
957 3638 1098 3720 multa,
1126 3646 1168 3707 ut
1186 3636 1276 3706 dixi-

162 3769 268 3834 mus,
286 3752 325 3821 in
345 3753 523 3822 moralem
541 3773 621 3823 eam
636 3753 925 3843 disputationem
939 3774 981 3823 ex
1001 3762 1131 3823 senatu
1148 3768 1273 3841 repor-

163 3864 285 3949 tabat,
305 3887 388 3957 quae
406 3867 653 3957 Philippicnm
678 3869 818 3959 aliquid
836 3869 1056 3939 redolerent.
1073 3867 1132 3938 Sic
1150 3867 1275 3937 omnia

163 3981 275 4052 simul
291 3982 393 4052 domi
405 3992 443 4053 et
458 3983 497 4053 in
510 3985 608 4066 soro,
628 3984 823 4055 scribendo
841 3984 978 4074 pariter
990 3991 1028 4053 et
1040 3982 1201 4072 agendo,
1223 3984 1277 4052 ul·

164 4097 278 4169 timus
295 4098 356 4168 ille
376 4097 647 4184 Romanorum,
668 4100 775 4190 quasi
788 4101 865 4191 jam
883 4099 952 4170 sibi
974 4109 1131 4169 mortem
1149 4098 1276 4169 immi-

164 4234 252 4287 nere
279 4216 551 4305 presensisset,
587 4215 632 4285 ad
658 4216 912 4289 sustinendam
939 4215 1067 4305 Remp.
1102 4234 1275 4287 revocana
