2984 4750
687 272 879 337 ..⁶3-

221 452 318 515 esse,
334 447 491 505 aemulo
507 438 541 504 ei
558 446 750 525 prestare,
764 448 946 526 quantum
962 439 1099 507 caelum
1113 459 1137 506 a
1150 444 1335 512 undis

221 558 300 619 tare
313 550 490 620 videatur.
500 586 531 595 -
542 548 689 630 Paucis,
704 553 869 621 utsemel
885 552 1026 635 liniam,
1042 555 1213 643 meon
1228 576 1336 627 nun-

219 670 364 749 matim‚
381 666 519 756 quibus
536 684 643 736 suain
657 664 875 736 officiorum
886 666 1122 757 disciplinam
1137 669 1335 742 simoin-

218 780 353 861 stituit,
375 780 558 871 principia
573 779 742 851 lineales
760 800 854 853 novo
868 801 914 852 eo
933 793 1131 873 prospectu
1145 796 1330 875 repetere,

218 908 262 967 ut
277 896 327 967 ab
349 898 417 967 luc
434 895 710 987 comparatione
737 896 968 968 mmisesuas
985 909 1181 989 appareat,
1194 901 1333 990 quibus

217 1012 316 1082 vitiis
338 1014 442 1083 intas
462 1012 632 1084 Tulliana
655 1031 700 1082 ea
721 1012 817 1082 ratio
840 1012 1045 1094 laboraret,
1072 1034 1262 1106 qmmque
1282 1018 1333 1086 ob

216 1146 389 1209 causam,
412 1136 536 1197 tantos
553 1136 637 1216 post
651 1136 827 1208 comtes,
846 1146 955 1198 secas
972 1130 1122 1199 tandem
1137 1132 1327 1202 ceciderit.

265 1244 311 1313 lt
324 1242 507 1333 primum,
519 1259 583 1331 spe
596 1241 750 1311 altanus
767 1242 851 1311 vita
866 1243 1009 1313 sublata
1020 1300 1033 1327 ,
1046 1245 1328 1318 funchmeutum

217 1358 284 1429 toti
317 1356 407 1429 huic
430 1356 638 1428 officioram
665 1357 914 1439 institutioni,
939 1359 979 1427 in
996 1379 1071 1448 quo
1088 1362 1326 1443 consisteret,

216 1474 376 1546 ‹leirdsse
390 1474 562 1544 diximus.
589 1471 716 1559 Quom
736 1481 861 1542 tamen
888 1473 1057 1562 placebat
1079 1475 1212 1548 Stoicis
1233 1480 1331 1548 divi·

215 1608 302 1661 nam
328 1588 598 1680 providentiam
623 1605 725 1668 esse,
755 1587 998 1678 eamdemque
1017 1590 1183 1663 humano
1201 1597 1331 1682 generi

215 1706 432 1786 consulem
457 1722 570 1794 qoam
594 1710 636 1771 ul
655 1702 870 1795 opinionem
896 1703 1098 1794 sepissime
1118 1706 1226 1777 istius
1245 1710 1329 1778 viae

215 1818 486 1891 calamitatibus
503 1818 760 1906 impugnatam
777 1817 822 1887 ad
840 1826 1048 1888 extremum
1067 1819 1327 1903 defenderent,

216 1934 341 2007 omnia
366 1930 659 2013 contendebant,
689 1951 774 2020 quae
801 1932 896 2002 laona
925 1941 989 2002 aut
1015 1934 1111 2002 mala
1132 1936 1242 2023 vulgo
1259 1958 1329 2027 pu-

217 2060 364 2135 tantur,
377 2067 450 2119 non
470 2048 507 2119 in
527 2054 680 2128 natura,
699 2046 814 2116 sedin
829 2065 919 2115 vana
933 2048 1210 2137 opinioneesse
1223 2051 1330 2137 Quod

217 2168 295 2258 ipse
311 2163 463 2258 quidem
479 2160 632 2246 Cicero,
649 2162 689 2232 in
709 2161 921 2232 Tusculanis
932 2161 1273 2257 misQaaesdoailaa
1287 2188 1331 2236 ac

216 2280 322 2353 libris
332 2278 546 2361 aesimon,
557 2275 1133 2379 summisriribusdupunvemt
1145 2279 1259 2350 -llic
1268 2302 1332 2352 au

220 2394 398 2472 temistas
405 2395 485 2485 jam
493 2391 716 2464 subtilitates
726 2391 946 2481 prudentius
958 2393 1108 2464 omittit.
1122 2394 1221 2482 Quid
1232 2399 1333 2468 enirn

189 2545 196 2561 ι
220 2510 362 2583 diutins
381 2509 420 2581 ln
442 2506 759 2581 inextricabilibus
776 2507 859 2578 istis
875 2507 1092 2595 ambagibus
1109 2515 1332 2583 commorari

220 2621 682 2718 proluissetllampridem
693 2621 813 2710 caligo
827 2623 965 2693 erroris
974 2642 1019 2693 ex
1035 2623 1232 2696 hominum
1245 2648 1333 2698 ocu-
1427 2692 1435 2704 .

221 2741 266 2811 lis
283 2738 388 2830 quasi
414 2738 499 2809 oceli
514 2745 726 2826 aspectum,
753 2737 850 2807 unde
875 2738 933 2806 via
958 2738 1041 2808 vita
1064 2740 1330 2827 illustraretur,

221 2853 415 2925 videbatur
431 2849 635 2924 sustulisse.
659 2849 839 2939 Quasnam
859 2861 984 2921 autem
1010 2873 1094 2923 vera
1117 2874 1195 2925 esse
1219 2858 1334 2946 pomit

223 2969 406 3042 bonorum
429 2968 688 3056 malorumque
708 2968 919 3049 estimatio,
936 2968 1009 3037 nisi
1022 2971 1233 3043 curriculus
1250 2974 1334 3043 vitoe

225 3089 322 3158 ultra
354 3093 512 3157 mortem
545 3083 769 3174 prolatatur,
802 3083 1078 3175 instauratoque
1108 3096 1334 3159 terrenum

225 3201 319 3274 coelo
347 3199 635 3280 communitate,
663 3199 788 3269 omnia
817 3199 927 3269 homo
958 3199 1003 3268 ad
1032 3198 1149 3270 Deum
1178 3203 1332 3286 referat,

226 3334 354 3386 verum
384 3315 491 3385 illum
529 3314 643 3384 totius
671 3314 804 3385 sabulae
833 3314 1040 3385 vindicem?
1072 3317 1161 3387 lnde
1188 3328 1334 3389 mutum

225 3432 310 3502 vitae
334 3428 497 3501 tenebrae
524 3428 796 3511 discutiuntur,
825 3431 1132 3521 illustranturqae
1160 3453 1293 3504 arcana
1320 3459 1329 3503 t

225 3559 306 3619 tum
322 3546 472 3618 demum
493 3544 729 3615 manifestum
745 3554 918 3634 apparet,
938 3545 1028 3634 quid
1047 3546 1092 3617 de
1107 3548 1263 3637 singulis
1274 3569 1335 3619 re-

227 3665 296 3733 bus
309 3679 394 3731 vere
406 3659 691 3731 existimandum
705 3661 765 3730 sit.
779 3700 824 3712 -
837 3661 933 3730 Dum
952 3680 1039 3731 vero
1056 3661 1186 3747 Stoici,
1205 3665 1252 3734 ad
1270 3665 1336 3734 de·

226 3775 447 3849 tendendam
480 3773 768 3863 prouidentiam,
793 3774 959 3845 dolorem
983 3796 1058 3846 noa
1088 3780 1231 3849 malum
1255 3799 1336 3849 esse

226 3891 446 3964 contortulis
470 3889 783 3961 conclusiunculis
808 3883 1056 3981 nequicquam
1083 3894 1334 3985 diswtarent3

227 4007 396 4078 Christus
433 4013 583 4090 contra,
620 4006 898 4078 immortalitate
929 4010 1138 4098 proposita,
1172 4010 1338 4081 dolorem

228 4122 361 4203 etiam,
381 4121 413 4190 si
437 4120 521 4209 quis
543 4120 633 4192 scite
658 4120 790 4210 pieque
811 4122 971 4193 adversis
991 4134 1177 4208 uteretur,
1198 4126 1338 4197 bonum

229 4254 308 4305 esse
328 4253 431 4324 posse
449 4233 613 4307 docebat.
647 4235 725 4304 Non
758 4237 947 4308 hominem
969 4239 1031 4310 ille
1060 4239 1234 4311 adversus
1261 4241 1338 4310 for-
