2984 4750
615 253 803 319 „55-

160 419 269 511 pibus
278 417 422 500 Stoicis,
435 416 593 490 utilitate
605 418 771 489 officium
785 420 902 508 magis
913 415 1149 505 dirigendum
1157 435 1270 506 quam

162 534 391 606 humanitate
407 534 591 604 censebat.
613 533 712 621 Quid
721 543 847 605 autem
856 533 1005 616 Cicero,
1022 532 1086 622 qui
1098 531 1270 603 eximiam

163 653 259 721 banc
276 650 497 720 sententiam
510 649 663 720 retulit?
677 649 814 719 Annuit
824 649 986 727 silentio,
1001 648 1271 737 magistrosane

160 765 419 836 assentiens-
437 764 548 834 Plura
560 782 645 834 vero
657 763 704 834 de
719 765 834 834 servis
846 817 856 847 ,
868 763 907 834 in
926 762 1109 834 librorum
1125 763 1168 831 de
1183 761 1266 853 Rep.

162 880 397 969 fragmentiS,
418 878 594 948 invenias.
616 878 727 962 Nam,
746 898 864 970 quum
880 879 926 949 de
943 876 1187 967 imperiorum
1198 877 1272 946 dil—

163 994 317 1066 ferentia
335 993 561 1084 disputaret,
582 1000 620 1062 et
641 992 753 1081 buius
777 992 833 1062 rei
847 991 1127 1063 similitudinem
1145 1011 1188 1061 ex
1204 1011 1272 1061 na-

162 1122 247 1183 tura
260 1110 421 1182 bominis
438 1117 660 1191 assumeret,
679 1118 720 1178 ut
732 1108 820 1198 filiis
831 1107 923 1177 dixit
938 1107 1108 1197 imperari
1121 1108 1273 1197 corporis

162 1227 335 1311 membris,
349 1235 489 1316 propter
497 1206 678 1296 obediendi
682 1222 900 1315 facilitatem,
920 1222 1061 1291 vitiosas
1073 1223 1274 1292 oeroanimi

157 1353 288 1431 portes,
309 1351 349 1410 ut
363 1360 477 1410 seruos
486 1340 659 1430 asperiore
676 1340 820 1428 imperio
830 1344 976 1410 coerceri
996 1334 1061 1432 (1).
1081 1337 1200 1424 Quem
1217 1338 1274 1407 lo-

160 1479 251 1529 cum
262 1467 380 1530 totum
396 1459 524 1529 retulit
537 1458 650 1528 Divus
669 1455 892 1545 Augustinus
910 1467 1039 1526 contra
1056 1454 1130 1525 Jul.
1148 1454 1268 1542 Pelag.

164 1572 229 1655 lll,
245 1574 304 1643 ol.
335 1603 348 1636 «
367 1573 516 1643 Domini
533 1592 698 1654 servum,
719 1571 841 1641 aiebat
861 1570 1008 1655 Cicero,
1026 1571 1078 1665 ita
1095 1570 1270 1657 fatigant,

164 1717 178 1748 a
201 1697 242 1758 ut
257 1688 398 1778 optima
411 1707 496 1777 pars
510 1688 639 1778 animi,
653 1686 760 1757 idest
774 1687 967 1777 sapientia,
982 1686 1149 1776 eiusdem
1158 1686 1274 1754 animi

166 1832 180 1863 »
207 1801 355 1871 vitiosas
377 1800 656 1891 imbecillasque
678 1809 820 1889 partes,
849 1809 891 1870 ut
917 1799 1089 1870 libidines
1112 1800 1271 1880 scilicet,

166 1945 180 1976 n
205 1923 247 1985 ut
273 1913 501 1997 iracundias,
530 1924 572 1985 ut
594 1915 892 2005 perturbationes
908 1926 1070 1987 caeteras.
1101 1944 1113 1977 r
1146 1915 1274 2004 ltaque

164 2048 309 2112 servos,
332 2039 510 2118 tanquam
523 2030 714 2120 iumenta,
729 2041 794 2101 aut
810 2033 905 2101 feras
926 2031 1069 2120 potius,
1085 2051 1128 2100 ex
1143 2031 1276 2100 buma-

166 2146 281 2214 nitate
297 2144 458 2234 quodam
475 2146 584 2216 modo
605 2145 717 2234 ejicit.
740 2146 808 2215 Ubi
826 2146 940 2234 igitur
950 2148 1028 2236 jam
1040 2147 1103 2216 illa
1120 2155 1176 2216 est
1193 2166 1274 2215 om-

153 2260 270 2357 nium
286 2259 481 2331 hominum
501 2279 589 2330 cum
615 2260 692 2331 Diis
709 2258 886 2331 societas?
908 2260 976 2332 Sed
993 2281 1037 2332 ea
1054 2261 1194 2331 servitii
1208 2281 1275 2331 ne-

166 2375 315 2445 cessitas
328 2375 552 2464 jampridem
565 2377 655 2447 adeo
668 2377 708 2446 in
722 2377 1031 2450 consuetudinem
1044 2385 1217 2460 verterat,
1234 2387 1274 2446 ut

163 2507 233 2560 nec
255 2487 466 2561 Aristoteles
490 2488 621 2578 modo,
654 2491 784 2563 sedne
806 2494 885 2583 ipse
906 2493 1056 2583 quidem
1073 2493 1176 2562 Plato
1192 2512 1274 2563 eam

163 2603 315 2674 alterius
336 2605 451 2694 partis
472 2605 667 2676 bominum
686 2608 985 2697 depravationem
1005 2618 1148 2679 naturae
1161 2629 1273 2699 repu-

163 2738 277 2806 gnare
299 2720 465 2790 senserit.
495 2720 588 2791 Nam
608 2723 824 2795 servitutem
844 2734 1001 2814 uterque
1026 2732 1154 2795 tuetur
1172 2744 1274 2796 com-

166 2834 408 2925 mendatque,
420 2844 457 2905 et
470 2834 515 2904 ad
524 2835 624 2907 illius
636 2856 749 2927 quam
764 2838 887 2909 animo
901 2840 1169 2928 excogitaverat
1183 2839 1274 2910 civi-

168 2949 256 3018 tatis
280 2950 448 3021 instituta
474 2952 738 3024 accommodat.
767 2952 944 3025 Vincebat
968 2956 1070 3025 enim
1093 2954 1189 3046 apud
1212 2975 1274 3025 eos

166 3064 314 3153 publica
337 3065 487 3137 utilitas.
515 3067 588 3153 Qui
612 3086 699 3137 vero
724 3068 822 3138 ultra
844 3070 923 3159 ipse
947 3070 1119 3159 progredi
1146 3070 1274 3141 Cicero

166 3200 279 3252 ausus
299 3191 411 3265 esset,
431 3183 511 3267 cui,
537 3193 784 3275 preterquam
811 3186 910 3275 quod
934 3194 1049 3256 totam
1066 3193 1211 3255 aetatem
1235 3186 1273 3254 in

165 3296 326 3384 gerenda
345 3297 433 3386 Rep.
458 3311 647 3387 exegerat,
673 3319 819 3391 semper
840 3310 925 3372 ante
946 3302 1072 3372 oculos
1089 3302 1274 3372 obversari

165 3410 295 3481 debuit
306 3431 435 3484 recens
446 3413 515 3483 ista
530 3412 911 3485 serviliumbellorum
929 3417 1129 3487 memoria?

197 3655 233 3722 lt)
250 3658 362 3720 August,
380 3659 410 3708 de
427 3660 500 3708 (livit.
513 3662 564 3718 lici,
582 3662 644 3723 xlv,
665 3666 703 3711 23.
