2984 4750
720 763 756 832 1.

210 973 306 1035 Quibus
316 976 342 1022 in
352 985 436 1023 rerum
447 973 616 1025 Romanarum
625 977 815 1039 asperitatibus,
826 977 859 1026 lt.
874 975 970 1025 Tullius
980 975 1074 1036 aliquid
1085 976 1116 1025 ad
1128 975 1271 1026 Ciceronem

378 1066 454 1104 suurn
465 1055 496 1105 de
505 1055 608 1106 honesta
617 1070 717 1107 morum
727 1057 857 1120 disciplina
869 1058 974 1107 seribere
985 1059 1094 1106 instituit

229 1238 355 1329 Neque
370 1240 416 1309 ah
429 1241 499 1311 hoc
516 1243 704 1333 proposito
718 1243 882 1313 alienum
899 1262 978 1314 esse
992 1243 1297 1333 arbitror,paucis

190 1352 351 1442 primum
378 1374 604 1439 memorare,
632 1377 707 1448 quo
737 1367 926 1447 tempore,
942 1378 984 1428 ac
1004 1358 1139 1428 misero
1169 1376 1296 1428 rerum

190 1467 422 1557 publicarum
431 1480 547 1555 statu,
559 1473 651 1544 illud
660 1492 755 1563 opus
764 1472 893 1544 Cicero
910 1474 1123 1563 susceperit.
1136 1515 1164 1523 -
1183 1473 1296 1542 Paulo

189 1583 304 1672 igitur
329 1594 411 1673 post
437 1604 566 1656 necem
594 1584 767 1669 Caesaris,
798 1606 883 1656 cnm
922 1587 1053 1656 urbem
1077 1586 1123 1656 ab
1147 1587 1297 1656 Antonii

189 1698 394 1769 latronibus
416 1700 537 1770 teneri
559 1700 715 1785 videret,
740 1700 897 1771 Brutum
925 1721 1009 1773 vcro
1035 1700 1293 1791 Cassiumque,

189 1822 412 1903 caeterosque
429 1828 528 1911 ἥρωας
542 1814 652 1904 longe
685 1816 854 1904 gentium
882 1817 1028 1900 abesse,
1055 1817 1133 1906 ipse
1159 1817 1297 1886 invitus

189 1927 304 1998 Roma
325 1938 538 1999 excesserat.
565 1929 807 2019 Primumque
830 1930 989 2000 Athenas
1015 1932 1217 2019 proiectus,
1241 1931 1297 2000 uti

189 2062 298 2113 suum
321 2041 555 2126 Ciceronem,
581 2042 745 2134 Cratippi
770 2044 1013 2133 discipulum,
1033 2065 1194 2134 praesens
1217 2046 1296 2133 ipse

190 2157 295 2227 bonis
311 2158 452 2228 artibus
473 2159 721 2241 confirmaret,
738 2177 813 2228 non
829 2159 1030 2229 discessum
1051 2170 1175 2229 tamen
1193 2180 1214 2227 a
1230 2179 1297 2250 pa-

189 2273 269 2342 triae
294 2273 468 2363 periculis
495 2275 590 2343 ferre
616 2274 762 2363 potuit:
785 2275 980 2364 medioque
1003 2275 1041 2345 in
1064 2294 1194 2353 cursu,
1221 2274 1298 2343 Pu-

188 2389 305 2458 teolos
321 2388 450 2472 rediit,
468 2408 533 2469 ne,
560 2389 591 2459 si
608 2390 863 2480 quidinterea
890 2390 1013 2461 Rornae
1032 2400 1157 2461 actum
1176 2399 1294 2470 esset,

189 2505 267 2593 ipse
280 2504 561 2575 desideraretur.
584 2505 665 2591 Qud
682 2506 721 2574 in
736 2506 954 2587 solitudine,
972 2507 1072 2576 curis
1088 2525 1202 2594 aeger,
1222 2523 1296 2573 ma-

189 2639 332 2708 gnaque
357 2618 395 2687 in
419 2628 526 2714 ἀπορίᾳ
553 2620 736 2701 incertus,
762 2620 806 2689 ad
835 2620 1104 2710 philosophiam
1127 2620 1171 2689 de
1193 2638 1296 2687 more

188 2736 421 2823 confugeram
442 2734 473 2804 si
491 2731 600 2805 modo
623 2734 792 2823 exiguam
814 2734 900 2804 inde
920 2735 1057 2804 doloris
1074 2735 1297 2805 oblivionem

189 2849 259 2919 sihi
282 2868 496 2941 comparare
518 2858 659 2939 posset;
677 2857 740 2919 aut
766 2849 915 2932 saltem,
933 2850 964 2920 si
992 2851 1116 2919 minus
1134 2850 1171 2919 in
1191 2850 1295 2920 curia

185 2963 277 3032 etin
295 2964 390 3047 loro,
408 2973 446 3034 at
460 2964 502 3034 in
514 2964 648 3034 litteris
668 2973 820 3034 navaret
839 2964 966 3054 Remp.

234 3078 330 3164 Quid
347 3098 454 3160 vero,
482 3079 521 3147 in
540 3078 597 3148 his
622 3087 832 3168 temporum
852 3079 1031 3166 angustiis
1053 3080 1296 3169 omniumque

183 3211 310 3263 rernm
320 3193 549 3277 confusione,
566 3194 695 3265 utilius
708 3194 787 3284 jam
795 3213 875 3263 esse
888 3194 1021 3282 potuit,
1031 3213 1144 3284 quam
1159 3214 1295 3266 consu·

184 3309 300 3377 larem
330 3308 435 3378 illum
462 3317 648 3397 tantaeque
679 3308 909 3379 auctoritatis
936 3307 1058 3377 virum
1084 3308 1296 3397 eloquentia

184 3433 307 3513 partes
330 3424 474 3494 honesti
501 3423 621 3505 tueri,
641 3423 812 3512 civesque
839 3423 885 3491 ad
906 3423 1090 3513 majorum
1117 3423 1293 3506 virtutes,

184 3538 417 3628 priscamque
434 3537 561 3627 patriae
580 3538 771 3607 caritatem
795 3543 990 3608 revocare?
1008 3538 1178 3626 Plerique
1195 3537 1296 3606 enim

184 3654 320 3725 civium
334 3708 343 3736 ,
357 3662 439 3742 post
457 3661 511 3724 tot
524 3652 651 3722 civiles
669 3654 861 3742 procellas,
873 3670 916 3721 eo
930 3652 1081 3721 demum
1098 3661 1292 3734 venerant,

184 3778 227 3839 ut
237 3769 315 3858 jam
329 3767 426 3837 unde
442 3768 504 3856 Jus
525 3775 659 3849 staret,
676 3765 828 3836 ubinam
842 3785 926 3835 vere
939 3775 1035 3836 esset
1052 3767 1186 3855 patria,
1204 3766 1294 3856 quid

184 3884 344 3971 denique
361 3883 580 3964 honestum,
602 3882 691 3971 quid
712 3892 842 3971 turpe,
868 3881 965 3951 haud
980 3881 1084 3952 facilc
1100 3873 1294 3976 ¹dignosce·

184 3998 269 4058 rent
291 3988 356 4082 (l).
387 3987 528 4076 Optimi
544 3989 683 4078 quique
703 3987 975 4098 desponderant
988 3987 1148 4086 animos,
1163 3989 1294 4079 proeci-

216 4212 251 4277 (l)
262 4211 395 4273 vulgatum
408 4212 455 4264 hoo
469 4226 569 4264 carmen
586 4210 632 4273 es't,
651 4227 701 4276 quo
713 4214 910 4275 triumphantem
920 4212 1043 4262 Cursarem
1054 4193 1146 4263 milites
1159 4214 1196 4261 sui
1207 4224 1292 4274 prose-

183 4291 325 4354 quebantur
338 4310 344 4339 z
357 4290 391 4343 Si
406 4300 473 4342 recle
480 4293 583 4354 soceris,
591 4293 721 4355 plecteris,
733 4295 757 4341 ri
768 4294 847 4352 mole,
861 4292 919 4341 lien
934 4293 996 4340 cris.
