<?xml version="1.0" encoding="UTF-8"?>
<!DOCTYPE html PUBLIC "-//W3C//DTD XHTML 1.0 Transitional//EN"
    "http://www.w3.org/TR/xhtml1/DTD/xhtml1-transitional.dtd">
<html xmlns="http://www.w3.org/1999/xhtml" xml:lang="en" lang="en">
 <head>
  <title>
</title>
<meta http-equiv="Content-Type" content="text/html;charset=utf-8" />
  <meta name='ocr-system' content='tesseract 3.04.00' />
  <meta name='ocr-capabilities' content='ocr_page ocr_carea ocr_par ocr_line ocrx_word'/>
</head>
<body>
  <div class='ocr_page' id='page_1' title='image "./historicademtci00benogoog_0073.png"; bbox 0 0 2984 4750; ppageno 0'>
   <div class='ocr_carea' id='block_1_1' title="bbox 585 230 780 311">
    <p class='ocr_par' dir='ltr' id='par_1_1' title="bbox 585 230 780 311">
     <span class='ocr_line' id='line_1_1' title="bbox 585 230 780 311; baseline 0.005 -28"><span class='ocrx_word' id='word_1_1' title='bbox 585 230 780 311; x_wconf 46' lang='lat' dir='ltr'>aod-</span> 
     </span>
    </p>
   </div>
   <div class='ocr_carea' id='block_1_2' title="bbox 126 398 1318 2796">
    <p class='ocr_par' dir='ltr' id='par_1_2' title="bbox 126 398 1318 2335">
     <span class='ocr_line' id='line_1_2' title="bbox 132 398 1245 480; baseline -0.009 0"><span class='ocrx_word' id='word_1_2' title='bbox 132 411 247 480; x_wconf 82' lang='lat' dir='ltr'>totam</span> <span class='ocrx_word' id='word_1_3' title='bbox 277 402 322 473; x_wconf 90' lang='lat' dir='ltr'>ad</span> <span class='ocrx_word' id='word_1_4' title='bbox 345 401 631 474; x_wconf 78' lang='lat' dir='ltr'>ostentationem</span> <span class='ocrx_word' id='word_1_5' title='bbox 658 400 853 470; x_wconf 78' lang='lat' dir='ltr'>instituat?</span> <span class='ocrx_word' id='word_1_6' title='bbox 876 398 970 469; x_wconf 83' lang='lat' dir='ltr'>Cum</span> <span class='ocrx_word' id='word_1_7' title='bbox 993 399 1047 470; x_wconf 91' lang='lat' dir='ltr'>vis</span> <span class='ocrx_word' id='word_1_8' title='bbox 1072 399 1167 471; x_wconf 84' lang='lat' dir='ltr'>desit</span> <span class='ocrx_word' id='word_1_9' title='bbox 1183 400 1245 470; x_wconf 78' lang='lat' dir='ltr'>in-</span> 
     </span>
     <span class='ocr_line' id='line_1_3' title="bbox 131 515 1244 606; baseline -0.003 -18"><span class='ocrx_word' id='word_1_10' title='bbox 131 518 268 602; x_wconf 84' lang='lat' dir='ltr'>terior,</span> <span class='ocrx_word' id='word_1_11' title='bbox 297 519 337 589; x_wconf 87' lang='lat' dir='ltr'>in</span> <span class='ocrx_word' id='word_1_12' title='bbox 362 516 606 588; x_wconf 83' lang='lat' dir='ltr'>exterioribus</span> <span class='ocrx_word' id='word_1_13' title='bbox 632 516 744 587; x_wconf 89' lang='lat' dir='ltr'>rebus</span> <span class='ocrx_word' id='word_1_14' title='bbox 774 515 915 587; x_wconf 85' lang='lat' dir='ltr'>multus</span> <span class='ocrx_word' id='word_1_15' title='bbox 944 523 1012 586; x_wconf 83' lang='lat' dir='ltr'>est.</span> <span class='ocrx_word' id='word_1_16' title='bbox 1047 516 1244 606; x_wconf 81' lang='lat' dir='ltr'><strong>Nunquam</strong></span> 
     </span>
     <span class='ocr_line' id='line_1_4' title="bbox 129 627 1240 722; baseline -0.009 -14"><span class='ocrx_word' id='word_1_17' title='bbox 129 643 256 708; x_wconf 87' lang='lat' dir='ltr'>tamen</span> <span class='ocrx_word' id='word_1_18' title='bbox 284 633 400 721; x_wconf 77' lang='lat' dir='ltr'>magis</span> <span class='ocrx_word' id='word_1_19' title='bbox 430 631 469 703; x_wconf 88' lang='lat' dir='ltr'>id</span> <span class='ocrx_word' id='word_1_20' title='bbox 491 631 590 722; x_wconf 90' lang='lat' dir='ltr'>qnod</span> <span class='ocrx_word' id='word_1_21' title='bbox 611 629 762 712; x_wconf 86' lang='lat' dir='ltr'>deceat,</span> <span class='ocrx_word' id='word_1_22' title='bbox 782 627 1029 719; x_wconf 89' lang='lat' dir='ltr'>omnibusque</span> <span class='ocrx_word' id='word_1_23' title='bbox 1050 630 1240 721; x_wconf 83' lang='lat' dir='ltr'>probetur,</span> 
     </span>
     <span class='ocr_line' id='line_1_5' title="bbox 130 744 1242 838; baseline -0.003 -20"><span class='ocrx_word' id='word_1_24' title='bbox 130 767 240 837; x_wconf 83' lang='lat' dir='ltr'>quam</span> <span class='ocrx_word' id='word_1_25' title='bbox 266 748 366 838; x_wconf 91' lang='lat' dir='ltr'>quod</span> <span class='ocrx_word' id='word_1_26' title='bbox 389 747 428 816; x_wconf 91' lang='lat' dir='ltr'>in</span> <span class='ocrx_word' id='word_1_27' title='bbox 454 746 653 819; x_wconf 84' lang='lat' dir='ltr'>sabanum</span> <span class='ocrx_word' id='word_1_28' title='bbox 675 745 742 827; x_wconf 91' lang='lat' dir='ltr'>sit,</span> <span class='ocrx_word' id='word_1_29' title='bbox 762 763 850 815; x_wconf 88' lang='lat' dir='ltr'>eum</span> <span class='ocrx_word' id='word_1_30' title='bbox 879 744 1081 835; x_wconf 85' lang='lat' dir='ltr'>respexisse</span> <span class='ocrx_word' id='word_1_31' title='bbox 1108 745 1242 816; x_wconf 90' lang='lat' dir='ltr'>merito</span> 
     </span>
     <span class='ocr_line' id='line_1_6' title="bbox 129 860 1242 955; baseline -0.004 -20"><span class='ocrx_word' id='word_1_32' title='bbox 129 861 275 955; x_wconf 85' lang='lat' dir='ltr'>dixeris.</span> <span class='ocrx_word' id='word_1_33' title='bbox 295 902 344 914; x_wconf 91' lang='lat'>-</span> <span class='ocrx_word' id='word_1_34' title='bbox 360 860 434 933; x_wconf 87' lang='lat' dir='ltr'>Sed.</span> <span class='ocrx_word' id='word_1_35' title='bbox 454 871 491 936; x_wconf 89' lang='lat' dir='ltr'>et</span> <span class='ocrx_word' id='word_1_36' title='bbox 519 861 577 933; x_wconf 90' lang='lat' dir='ltr'>his</span> <span class='ocrx_word' id='word_1_37' title='bbox 605 860 737 933; x_wconf 88' lang='lat' dir='ltr'>deinde</span> <span class='ocrx_word' id='word_1_38' title='bbox 755 916 773 945; x_wconf 73' lang='lat'>„</span> <span class='ocrx_word' id='word_1_39' title='bbox 797 860 862 949; x_wconf 87' lang='lat' dir='ltr'>qui</span> <span class='ocrx_word' id='word_1_40' title='bbox 889 860 929 929; x_wconf 92' lang='lat' dir='ltr'>in</span> <span class='ocrx_word' id='word_1_41' title='bbox 955 861 1098 932; x_wconf 89' lang='lat' dir='ltr'>excelso</span> <span class='ocrx_word' id='word_1_42' title='bbox 1128 860 1242 931; x_wconf 81' lang='lat' dir='ltr'>vitam</span> 
     </span>
     <span class='ocr_line' id='line_1_7' title="bbox 130 975 1240 1067; baseline -0.001 -22"><span class='ocrx_word' id='word_1_43' title='bbox 130 985 262 1066; x_wconf 81' lang='lat' dir='ltr'>agunt,</span> <span class='ocrx_word' id='word_1_44' title='bbox 278 975 508 1067; x_wconf 89' lang='lat' dir='ltr'>principibus</span> <span class='ocrx_word' id='word_1_45' title='bbox 530 976 636 1059; x_wconf 84' lang='lat' dir='ltr'>viris,</span> <span class='ocrx_word' id='word_1_46' title='bbox 657 976 834 1047; x_wconf 87' lang='lat' dir='ltr'>decoram·</span> <span class='ocrx_word' id='word_1_47' title='bbox 848 975 950 1046; x_wconf 91' lang='lat' dir='ltr'>illam</span> <span class='ocrx_word' id='word_1_48' title='bbox 970 975 1116 1046; x_wconf 85' lang='lat' dir='ltr'>vivendi</span> <span class='ocrx_word' id='word_1_49' title='bbox 1134 975 1240 1045; x_wconf 89' lang='lat' dir='ltr'>insti-</span> 
     </span>
     <span class='ocr_line' id='line_1_8' title="bbox 129 1091 1242 1181; baseline -0.006 -14"><span class='ocrx_word' id='word_1_50' title='bbox 129 1092 310 1167; x_wconf 81' lang='lat' dir='ltr'>tutionem</span> <span class='ocrx_word' id='word_1_51' title='bbox 328 1092 553 1175; x_wconf 86' lang='lat' dir='ltr'>dcstinabat;</span> <span class='ocrx_word' id='word_1_52' title='bbox 571 1092 622 1162; x_wconf 86' lang='lat' dir='ltr'>ita</span> <span class='ocrx_word' id='word_1_53' title='bbox 637 1098 680 1162; x_wconf 88' lang='lat' dir='ltr'>ut</span> <span class='ocrx_word' id='word_1_54' title='bbox 698 1091 857 1163; x_wconf 88' lang='lat' dir='ltr'>minusa</span> <span class='ocrx_word' id='word_1_55' title='bbox 875 1091 1062 1181; x_wconf 88' lang='lat' dir='ltr'>proposito</span> <span class='ocrx_word' id='word_1_56' title='bbox 1079 1091 1242 1162; x_wconf 90' lang='lat' dir='ltr'>alienum</span> 
     </span>
     <span class='ocr_line' id='line_1_9' title="bbox 129 1206 1242 1297; baseline -0.001 -19"><span class='ocrx_word' id='word_1_57' title='bbox 129 1217 244 1289; x_wconf 88' lang='lat' dir='ltr'>esset,</span> <span class='ocrx_word' id='word_1_58' title='bbox 269 1208 329 1278; x_wconf 92' lang='lat' dir='ltr'>hic</span> <span class='ocrx_word' id='word_1_59' title='bbox 346 1208 526 1297; x_wconf 86' lang='lat' dir='ltr'>exquisita</span> <span class='ocrx_word' id='word_1_60' title='bbox 553 1227 669 1297; x_wconf 89' lang='lat' dir='ltr'>pauca</span> <span class='ocrx_word' id='word_1_61' title='bbox 688 1207 733 1275; x_wconf 93' lang='lat' dir='ltr'>de</span> <span class='ocrx_word' id='word_1_62' title='bbox 758 1206 803 1277; x_wconf 91' lang='lat' dir='ltr'>iis</span> <span class='ocrx_word' id='word_1_63' title='bbox 820 1207 985 1281; x_wconf 87' lang='lat' dir='ltr'>honestis</span> <span class='ocrx_word' id='word_1_64' title='bbox 1002 1206 1143 1277; x_wconf 88' lang='lat' dir='ltr'>artibus</span> <span class='ocrx_word' id='word_1_65' title='bbox 1166 1207 1242 1277; x_wconf 89' lang='lat' dir='ltr'>dis-</span> 
     </span>
     <span class='ocr_line' id='line_1_10' title="bbox 129 1322 1235 1414; baseline -0.003 -19"><span class='ocrx_word' id='word_1_66' title='bbox 129 1332 284 1413; x_wconf 87' lang='lat' dir='ltr'>putare,</span> <span class='ocrx_word' id='word_1_67' title='bbox 316 1323 451 1414; x_wconf 90' lang='lat' dir='ltr'>quibus</span> <span class='ocrx_word' id='word_1_68' title='bbox 479 1342 585 1401; x_wconf 89' lang='lat' dir='ltr'>suam</span> <span class='ocrx_word' id='word_1_69' title='bbox 615 1322 772 1413; x_wconf 86' lang='lat' dir='ltr'>quisque</span> <span class='ocrx_word' id='word_1_70' title='bbox 799 1322 1017 1410; x_wconf 83' lang='lat' dir='ltr'>dignitatem</span> <span class='ocrx_word' id='word_1_71' title='bbox 1046 1332 1235 1406; x_wconf 86' lang='lat' dir='ltr'>tueretur,</span> 
     </span>
     <span class='ocr_line' id='line_1_11' title="bbox 129 1438 1238 1529; baseline 0 -23"><span class='ocrx_word' id='word_1_72' title='bbox 129 1438 302 1529; x_wconf 87' lang='lat' dir='ltr'>vulgique</span> <span class='ocrx_word' id='word_1_73' title='bbox 324 1438 607 1511; x_wconf 82' lang='lat' dir='ltr'>admirationem</span> <span class='ocrx_word' id='word_1_74' title='bbox 628 1447 813 1518; x_wconf 85' lang='lat' dir='ltr'>moveret,</span> <span class='ocrx_word' id='word_1_75' title='bbox 835 1438 1066 1528; x_wconf 82' lang='lat' dir='ltr'>gratiamque</span> <span class='ocrx_word' id='word_1_76' title='bbox 1082 1438 1238 1528; x_wconf 88' lang='lat' dir='ltr'>popula-</span> 
     </span>
     <span class='ocr_line' id='line_1_12' title="bbox 129 1552 1318 1643; baseline 0.003 -22"><span class='ocrx_word' id='word_1_77' title='bbox 129 1571 209 1623; x_wconf 88' lang='lat' dir='ltr'>rem</span> <span class='ocrx_word' id='word_1_78' title='bbox 232 1562 406 1643; x_wconf 88' lang='lat' dir='ltr'>captaret.</span> <span class='ocrx_word' id='word_1_79' title='bbox 428 1553 549 1641; x_wconf 85' lang='lat' dir='ltr'>Quam</span> <span class='ocrx_word' id='word_1_80' title='bbox 571 1554 686 1643; x_wconf 84' lang='lat' dir='ltr'>igitur</span> <span class='ocrx_word' id='word_1_81' title='bbox 704 1553 853 1639; x_wconf 86' lang='lat' dir='ltr'>virtutis</span> <span class='ocrx_word' id='word_1_82' title='bbox 870 1553 1132 1624; x_wconf 91' lang='lat' dir='ltr'>demissionem</span> <span class='ocrx_word' id='word_1_83' title='bbox 1149 1552 1240 1624; x_wconf 89' lang='lat' dir='ltr'>aden</span> <span class='ocrx_word' id='word_1_84' title='bbox 1316 1594 1318 1597; x_wconf 33' lang='lat' dir='ltr'>v</span> 
     </span>
     <span class='ocr_line' id='line_1_13' title="bbox 128 1667 1238 1759; baseline 0.003 -24"><span class='ocrx_word' id='word_1_85' title='bbox 128 1686 204 1737; x_wconf 92' lang='lat' dir='ltr'>non</span> <span class='ocrx_word' id='word_1_86' title='bbox 220 1667 396 1758; x_wconf 86' lang='lat' dir='ltr'>equidem</span> <span class='ocrx_word' id='word_1_87' title='bbox 408 1668 619 1759; x_wconf 88' lang='lat' dir='ltr'>improbare</span> <span class='ocrx_word' id='word_1_88' title='bbox 637 1668 767 1751; x_wconf 88' lang='lat' dir='ltr'>velim,</span> <span class='ocrx_word' id='word_1_89' title='bbox 784 1676 827 1738; x_wconf 90' lang='lat' dir='ltr'>ut</span> <span class='ocrx_word' id='word_1_90' title='bbox 842 1676 971 1738; x_wconf 83' lang='lat' dir='ltr'>contra</span> <span class='ocrx_word' id='word_1_91' title='bbox 986 1668 1079 1754; x_wconf 82' lang='lat' dir='ltr'>mihi</span> <span class='ocrx_word' id='word_1_92' title='bbox 1096 1669 1238 1758; x_wconf 89' lang='lat' dir='ltr'>placeat</span> 
     </span>
     <span class='ocr_line' id='line_1_14' title="bbox 127 1783 1237 1875; baseline 0 -21"><span class='ocrx_word' id='word_1_93' title='bbox 127 1800 175 1854; x_wconf 83' lang='lat' dir='ltr'>ea</span> <span class='ocrx_word' id='word_1_94' title='bbox 190 1783 339 1854; x_wconf 89' lang='lat' dir='ltr'>moralis</span> <span class='ocrx_word' id='word_1_95' title='bbox 352 1784 557 1875; x_wconf 77' lang='lat' dir='ltr'>disciplinae</span> <span class='ocrx_word' id='word_1_96' title='bbox 575 1784 771 1875; x_wconf 89' lang='lat' dir='ltr'>prudentia</span> <span class='ocrx_word' id='word_1_97' title='bbox 787 1806 796 1852; x_wconf 75' lang='grc' dir='ltr'><strong><em>ε</em></strong></span> <span class='ocrx_word' id='word_1_98' title='bbox 816 1803 918 1873; x_wconf 84' lang='lat' dir='ltr'>qnae,</span> <span class='ocrx_word' id='word_1_99' title='bbox 934 1803 1052 1874; x_wconf 89' lang='lat' dir='ltr'>quum</span> <span class='ocrx_word' id='word_1_100' title='bbox 1068 1783 1237 1854; x_wconf 91' lang='lat' dir='ltr'>homines</span> 
     </span>
     <span class='ocr_line' id='line_1_15' title="bbox 126 1896 1234 1989; baseline 0.001 -21"><span class='ocrx_word' id='word_1_101' title='bbox 126 1898 280 1970; x_wconf 90' lang='lat' dir='ltr'>omnino</span> <span class='ocrx_word' id='word_1_102' title='bbox 298 1908 444 1970; x_wconf 88' lang='lat' dir='ltr'>mutare</span> <span class='ocrx_word' id='word_1_103' title='bbox 466 1901 565 1971; x_wconf 85' lang='lat' dir='ltr'>haud</span> <span class='ocrx_word' id='word_1_104' title='bbox 586 1901 722 1984; x_wconf 87' lang='lat' dir='ltr'>valeat,</span> <span class='ocrx_word' id='word_1_105' title='bbox 740 1919 823 1983; x_wconf 91' lang='lat' dir='ltr'>eos,</span> <span class='ocrx_word' id='word_1_106' title='bbox 843 1899 971 1989; x_wconf 89' lang='lat' dir='ltr'>quales</span> <span class='ocrx_word' id='word_1_107' title='bbox 989 1909 1121 1969; x_wconf 85' lang='lat' dir='ltr'>natura</span> <span class='ocrx_word' id='word_1_108' title='bbox 1142 1896 1234 1984; x_wconf 89' lang='lat' dir='ltr'>sint,</span> 
     </span>
     <span class='ocr_line' id='line_1_16' title="bbox 126 2013 1236 2105; baseline 0.003 -24"><span class='ocrx_word' id='word_1_109' title='bbox 126 2013 301 2103; x_wconf 88' lang='lat' dir='ltr'>accipiat,</span> <span class='ocrx_word' id='word_1_110' title='bbox 315 2024 357 2085; x_wconf 92' lang='lat' dir='ltr'>ut</span> <span class='ocrx_word' id='word_1_111' title='bbox 373 2014 573 2099; x_wconf 82' lang='lat' dir='ltr'>deteriora,</span> <span class='ocrx_word' id='word_1_112' title='bbox 592 2015 721 2086; x_wconf 85' lang='lat' dir='ltr'>sideri</span> <span class='ocrx_word' id='word_1_113' title='bbox 739 2014 871 2105; x_wconf 87' lang='lat' dir='ltr'>possit,</span> <span class='ocrx_word' id='word_1_114' title='bbox 891 2014 931 2084; x_wconf 93' lang='lat' dir='ltr'>in</span> <span class='ocrx_word' id='word_1_115' title='bbox 950 2015 1084 2085; x_wconf 89' lang='lat' dir='ltr'>melius</span> <span class='ocrx_word' id='word_1_116' title='bbox 1101 2024 1236 2097; x_wconf 88' lang='lat' dir='ltr'>vertat,</span> 
     </span>
     <span class='ocr_line' id='line_1_17' title="bbox 126 2128 1237 2221; baseline -0.001 -21"><span class='ocrx_word' id='word_1_117' title='bbox 126 2128 227 2201; x_wconf 86' lang='lat' dir='ltr'>etad</span> <span class='ocrx_word' id='word_1_118' title='bbox 243 2129 390 2201; x_wconf 86' lang='lat' dir='ltr'>virtutis</span> <span class='ocrx_word' id='word_1_119' title='bbox 413 2130 528 2219; x_wconf 91' lang='lat' dir='ltr'>ipsius</span> <span class='ocrx_word' id='word_1_120' title='bbox 554 2131 761 2221; x_wconf 86' lang='lat' dir='ltr'>protectum</span> <span class='ocrx_word' id='word_1_121' title='bbox 782 2128 1011 2198; x_wconf 86' lang='lat' dir='ltr'>vivacissima</span> <span class='ocrx_word' id='word_1_122' title='bbox 1031 2130 1237 2219; x_wconf 86' lang='lat' dir='ltr'>praesertim</span> 
     </span>
     <span class='ocr_line' id='line_1_18' title="bbox 126 2243 657 2335; baseline 0.004 -22"><span class='ocrx_word' id='word_1_123' title='bbox 126 2243 191 2313; x_wconf 90' lang='lat' dir='ltr'>illa</span> <span class='ocrx_word' id='word_1_124' title='bbox 208 2244 313 2315; x_wconf 82' lang='lat' dir='ltr'>samae</span> <span class='ocrx_word' id='word_1_125' title='bbox 330 2244 503 2335; x_wconf 87' lang='lat' dir='ltr'>cupidine</span> <span class='ocrx_word' id='word_1_126' title='bbox 520 2253 657 2316; x_wconf 88' lang='lat' dir='ltr'>utatur.</span> 
     </span>
    </p>

    <p class='ocr_par' dir='ltr' id='par_1_3' title="bbox 126 2353 1241 2796">
     <span class='ocr_line' id='line_1_19' title="bbox 174 2353 1241 2449; baseline 0 -21"><span class='ocrx_word' id='word_1_127' title='bbox 174 2353 244 2428; x_wconf 86' lang='lat' dir='ltr'>Sed</span> <span class='ocrx_word' id='word_1_128' title='bbox 263 2357 347 2448; x_wconf 89' lang='lat' dir='ltr'>quis</span> <span class='ocrx_word' id='word_1_129' title='bbox 361 2367 538 2449; x_wconf 88' lang='lat' dir='ltr'>praeterea</span> <span class='ocrx_word' id='word_1_130' title='bbox 553 2359 670 2448; x_wconf 87' lang='lat' dir='ltr'>magis</span> <span class='ocrx_word' id='word_1_131' title='bbox 688 2378 732 2430; x_wconf 91' lang='lat' dir='ltr'>ac</span> <span class='ocrx_word' id='word_1_132' title='bbox 751 2369 899 2432; x_wconf 88' lang='lat' dir='ltr'>senator</span> <span class='ocrx_word' id='word_1_133' title='bbox 917 2359 1105 2433; x_wconf 85' lang='lat' dir='ltr'>Romanus</span> <span class='ocrx_word' id='word_1_134' title='bbox 1123 2358 1241 2430; x_wconf 85' lang='lat' dir='ltr'>iubis</span> 
     </span>
     <span class='ocr_line' id='line_1_20' title="bbox 127 2471 1237 2564; baseline 0 -21"><span class='ocrx_word' id='word_1_135' title='bbox 127 2471 300 2549; x_wconf 88' lang='lat' dir='ltr'>omnibus</span> <span class='ocrx_word' id='word_1_136' title='bbox 315 2472 447 2557; x_wconf 91' lang='lat' dir='ltr'>rebus,</span> <span class='ocrx_word' id='word_1_137' title='bbox 466 2493 549 2564; x_wconf 74' lang='lat' dir='ltr'>qnae</span> <span class='ocrx_word' id='word_1_138' title='bbox 565 2474 794 2548; x_wconf 89' lang='lat' dir='ltr'>extrinsecos</span> <span class='ocrx_word' id='word_1_139' title='bbox 809 2476 856 2545; x_wconf 91' lang='lat' dir='ltr'>ad</span> <span class='ocrx_word' id='word_1_140' title='bbox 879 2477 1056 2547; x_wconf 89' lang='lat' dir='ltr'>tuendam</span> <span class='ocrx_word' id='word_1_141' title='bbox 1076 2474 1237 2563; x_wconf 86' lang='lat' dir='ltr'>dignita·</span> 
     </span>
     <span class='ocr_line' id='line_1_21' title="bbox 127 2587 1241 2681; baseline 0.01 -25"><span class='ocrx_word' id='word_1_142' title='bbox 127 2597 205 2658; x_wconf 90' lang='lat' dir='ltr'>tem</span> <span class='ocrx_word' id='word_1_143' title='bbox 221 2587 428 2677; x_wconf 80' lang='lat' dir='ltr'>pertinent,</span> <span class='ocrx_word' id='word_1_144' title='bbox 447 2588 684 2660; x_wconf 75' lang='lat' dir='ltr'>versabaturt</span> <span class='ocrx_word' id='word_1_145' title='bbox 699 2591 785 2681; x_wconf 92' lang='lat' dir='ltr'>quis</span> <span class='ocrx_word' id='word_1_146' title='bbox 801 2591 969 2675; x_wconf 91' lang='lat' dir='ltr'>babitus,</span> <span class='ocrx_word' id='word_1_147' title='bbox 988 2609 1075 2662; x_wconf 88' lang='lat' dir='ltr'>cum</span> <span class='ocrx_word' id='word_1_148' title='bbox 1092 2609 1159 2680; x_wconf 87' lang='lat' dir='ltr'>per</span> <span class='ocrx_word' id='word_1_149' title='bbox 1174 2608 1241 2667; x_wconf 71' lang='lat' dir='ltr'>ora</span> 
     </span>
     <span class='ocr_line' id='line_1_22' title="bbox 126 2700 1236 2796; baseline 0.001 -25"><span class='ocrx_word' id='word_1_150' title='bbox 126 2700 256 2792; x_wconf 88' lang='lat' dir='ltr'>populi</span> <span class='ocrx_word' id='word_1_151' title='bbox 272 2701 479 2787; x_wconf 85' lang='lat' dir='ltr'>incederet,</span> <span class='ocrx_word' id='word_1_152' title='bbox 496 2704 720 2776; x_wconf 78' lang='lat' dir='ltr'>studiosiori</span> <span class='ocrx_word' id='word_1_153' title='bbox 737 2704 873 2775; x_wconf 87' lang='lat' dir='ltr'>Omnia</span> <span class='ocrx_word' id='word_1_154' title='bbox 889 2705 921 2775; x_wconf 93' lang='lat' dir='ltr'>is</span> <span class='ocrx_word' id='word_1_155' title='bbox 939 2705 985 2776; x_wconf 86' lang='lat' dir='ltr'>ad</span> <span class='ocrx_word' id='word_1_156' title='bbox 1003 2704 1164 2796; x_wconf 89' lang='lat' dir='ltr'>speciem</span> <span class='ocrx_word' id='word_1_157' title='bbox 1179 2722 1236 2773; x_wconf 90' lang='lat' dir='ltr'>re·</span> 
     </span>
    </p>
   </div>
   <div class='ocr_carea' id='block_1_3' title="bbox 127 2814 1365 2909">
    <p class='ocr_par' dir='ltr' id='par_1_4' title="bbox 127 2814 1365 2909">
     <span class='ocr_line' id='line_1_23' title="bbox 127 2814 1365 2909; baseline -0.005 -16"><span class='ocrx_word' id='word_1_158' title='bbox 127 2814 284 2901; x_wconf 81' lang='lat' dir='ltr'>ferebat,</span> <span class='ocrx_word' id='word_1_159' title='bbox 294 2817 340 2888; x_wconf 91' lang='lat' dir='ltr'>ad</span> <span class='ocrx_word' id='word_1_160' title='bbox 350 2819 477 2890; x_wconf 88' lang='lat' dir='ltr'>oculos</span> <span class='ocrx_word' id='word_1_161' title='bbox 488 2819 757 2909; x_wconf 83' lang='lat' dir='ltr'>componebat:</span> <span class='ocrx_word' id='word_1_162' title='bbox 770 2820 974 2891; x_wconf 89' lang='lat' dir='ltr'>Mimumin</span> <span class='ocrx_word' id='word_1_163' title='bbox 991 2820 1238 2891; x_wconf 78' lang='lat' dir='ltr'>theatrorum</span> <span class='ocrx_word' id='word_1_164' title='bbox 1364 2831 1365 2834; x_wconf 65' lang='lat'>‘</span> 
     </span>
    </p>
   </div>
   <div class='ocr_carea' id='block_1_4' title="bbox 128 2933 1243 3139">
    <p class='ocr_par' dir='ltr' id='par_1_5' title="bbox 128 2933 1243 3139">
     <span class='ocr_line' id='line_1_24' title="bbox 128 2933 1243 3026; baseline 0.003 -25"><span class='ocrx_word' id='word_1_165' title='bbox 128 2949 272 3001; x_wconf 91' lang='lat' dir='ltr'>summa</span> <span class='ocrx_word' id='word_1_166' title='bbox 292 2933 407 3004; x_wconf 90' lang='lat' dir='ltr'>totius</span> <span class='ocrx_word' id='word_1_167' title='bbox 425 2934 508 3004; x_wconf 79' lang='lat' dir='ltr'>vite</span> <span class='ocrx_word' id='word_1_168' title='bbox 526 2935 704 3023; x_wconf 79' lang='lat' dir='ltr'>dignitate</span> <span class='ocrx_word' id='word_1_169' title='bbox 723 2955 830 3006; x_wconf 89' lang='lat' dir='ltr'>suam</span> <span class='ocrx_word' id='word_1_170' title='bbox 845 2952 1041 3026; x_wconf 88' lang='lat' dir='ltr'>personam</span> <span class='ocrx_word' id='word_1_171' title='bbox 1060 2935 1112 3005; x_wconf 90' lang='lat' dir='ltr'>ita</span> <span class='ocrx_word' id='word_1_172' title='bbox 1128 2954 1243 3023; x_wconf 83' lang='lat' dir='ltr'>agere-</span> 
     </span>
     <span class='ocr_line' id='line_1_25' title="bbox 128 3045 1235 3139; baseline 0 -22"><span class='ocrx_word' id='word_1_173' title='bbox 128 3045 332 3132; x_wconf 89' lang='lat' dir='ltr'>existimes,</span> <span class='ocrx_word' id='word_1_174' title='bbox 361 3058 402 3121; x_wconf 89' lang='lat' dir='ltr'>nt</span> <span class='ocrx_word' id='word_1_175' title='bbox 430 3050 469 3120; x_wconf 90' lang='lat' dir='ltr'>in</span> <span class='ocrx_word' id='word_1_176' title='bbox 499 3058 661 3122; x_wconf 89' lang='lat' dir='ltr'>extremo</span> <span class='ocrx_word' id='word_1_177' title='bbox 693 3050 945 3121; x_wconf 89' lang='lat' dir='ltr'>multitudinis</span> <span class='ocrx_word' id='word_1_178' title='bbox 974 3049 1124 3139; x_wconf 85' lang='lat' dir='ltr'>plausus</span> <span class='ocrx_word' id='word_1_179' title='bbox 1151 3067 1235 3118; x_wconf 91' lang='lat' dir='ltr'>mo·</span> 
     </span>
    </p>
   </div>
   <div class='ocr_carea' id='block_1_5' title="bbox 127 3164 1244 3361">
    <p class='ocr_par' dir='ltr' id='par_1_6' title="bbox 127 3164 1244 3361">
     <span class='ocr_line' id='line_1_26' title="bbox 128 3164 1244 3258; baseline 0.007 -30"><span class='ocrx_word' id='word_1_180' title='bbox 128 3171 221 3236; x_wconf 88' lang='lat' dir='ltr'>veat.</span> <span class='ocrx_word' id='word_1_181' title='bbox 247 3164 320 3236; x_wconf 87' lang='lat' dir='ltr'>Nec</span> <span class='ocrx_word' id='word_1_182' title='bbox 336 3166 461 3257; x_wconf 90' lang='lat' dir='ltr'>inepte</span> <span class='ocrx_word' id='word_1_183' title='bbox 480 3166 667 3258; x_wconf 80' lang='lat' dir='ltr'>Augustus</span> <span class='ocrx_word' id='word_1_184' title='bbox 683 3167 762 3258; x_wconf 80' lang='lat' dir='ltr'>J’am</span> <span class='ocrx_word' id='word_1_185' title='bbox 774 3165 1019 3240; x_wconf 90' lang='lat' dir='ltr'>moribundus</span> <span class='ocrx_word' id='word_1_186' title='bbox 1033 3164 1078 3236; x_wconf 85' lang='lat' dir='ltr'>ad</span> <span class='ocrx_word' id='word_1_187' title='bbox 1098 3164 1244 3236; x_wconf 66' lang='lat' dir='ltr'>amicos,</span> 
     </span>
     <span class='ocr_line' id='line_1_27' title="bbox 127 3277 296 3361; baseline -0.006 -10"><span class='ocrx_word' id='word_1_188' title='bbox 127 3277 273 3361; x_wconf 83' lang='lat' dir='ltr'>dicebat</span> <span class='ocrx_word' id='word_1_189' title='bbox 287 3301 296 3350; x_wconf 77' lang='grc' dir='ltr'><strong><em>ε</em></strong></span> 
     </span>
    </p>
   </div>
   <div class='ocr_carea' id='block_1_6' title="bbox 329 3455 1036 3604">
    <p class='ocr_par' dir='ltr' id='par_1_7' title="bbox 329 3455 1036 3604">
     <span class='ocr_line' id='line_1_28' title="bbox 329 3455 776 3525; baseline 0.004 -19"><span class='ocrx_word' id='word_1_190' title='bbox 329 3458 357 3506; x_wconf 77' lang='lat' dir='ltr'>Et</span> <span class='ocrx_word' id='word_1_191' title='bbox 367 3456 393 3505; x_wconf 69' lang='lat' dir='ltr'>di</span> <span class='ocrx_word' id='word_1_192' title='bbox 402 3459 450 3507; x_wconf 84' lang='grc' dir='ltr'>πᾶν</span> <span class='ocrx_word' id='word_1_193' title='bbox 461 3459 513 3524; x_wconf 68' lang='grc' dir='ltr'>ἔχει</span> <span class='ocrx_word' id='word_1_194' title='bbox 523 3455 604 3513; x_wconf 79' lang='grc' dir='ltr'>καλῶς</span> <span class='ocrx_word' id='word_1_195' title='bbox 612 3498 620 3522; x_wconf 86' lang='grc'>,</span> <span class='ocrx_word' id='word_1_196' title='bbox 632 3458 666 3523; x_wconf 78' lang='grc' dir='ltr'>τῷ</span> <span class='ocrx_word' id='word_1_197' title='bbox 675 3462 776 3525; x_wconf 73' lang='grc' dir='ltr'>παιγνῐῳ</span> 
     </span>
     <span class='ocr_line' id='line_1_29' title="bbox 330 3537 1036 3604; baseline -0.001 -17"><span class='ocrx_word' id='word_1_198' title='bbox 330 3538 389 3587; x_wconf 76' lang='grc' dir='ltr'>Δότε</span> <span class='ocrx_word' id='word_1_199' title='bbox 398 3539 499 3603; x_wconf 76' lang='grc' dir='ltr'><strong>κρότον,</strong></span> <span class='ocrx_word' id='word_1_200' title='bbox 509 3538 643 3594; x_wconf 68' lang='lat' dir='ltr'>mitidum</span> <span class='ocrx_word' id='word_1_201' title='bbox 653 3537 721 3602; x_wconf 71' lang='grc' dir='ltr'>ὑμεῖς</span> <span class='ocrx_word' id='word_1_202' title='bbox 729 3540 792 3601; x_wconf 78' lang='grc' dir='ltr'>μετὰ</span> <span class='ocrx_word' id='word_1_203' title='bbox 802 3542 878 3604; x_wconf 78' lang='grc' dir='ltr'>χαρᾶς</span> <span class='ocrx_word' id='word_1_204' title='bbox 888 3539 1036 3596; x_wconf 66' lang='lat' dir='ltr'>ammirato.</span> 
     </span>
    </p>
   </div>
   <div class='ocr_carea' id='block_1_7' title="bbox 126 3744 1243 4073">
    <p class='ocr_par' dir='ltr' id='par_1_8' title="bbox 126 3744 1243 4073">
     <span class='ocr_line' id='line_1_30' title="bbox 127 3744 1240 3836; baseline -0.001 -21"><span class='ocrx_word' id='word_1_205' title='bbox 127 3744 238 3831; x_wconf 73' lang='lat' dir='ltr'>Quod</span> <span class='ocrx_word' id='word_1_206' title='bbox 260 3744 291 3817; x_wconf 92' lang='lat' dir='ltr'>si</span> <span class='ocrx_word' id='word_1_207' title='bbox 314 3764 401 3817; x_wconf 84' lang='lat' dir='ltr'>vero</span> <span class='ocrx_word' id='word_1_208' title='bbox 420 3746 598 3836; x_wconf 88' lang='lat' dir='ltr'>privatam</span> <span class='ocrx_word' id='word_1_209' title='bbox 617 3746 658 3818; x_wconf 92' lang='lat' dir='ltr'>in</span> <span class='ocrx_word' id='word_1_210' title='bbox 686 3744 799 3815; x_wconf 82' lang='lat' dir='ltr'>vitam</span> <span class='ocrx_word' id='word_1_211' title='bbox 815 3745 963 3836; x_wconf 87' lang='lat' dir='ltr'>penitus</span> <span class='ocrx_word' id='word_1_212' title='bbox 987 3744 1240 3836; x_wconf 58' lang='lat' dir='ltr'>perspexeris,</span> 
     </span>
     <span class='ocr_line' id='line_1_31' title="bbox 126 3857 1243 3950; baseline -0.003 -21"><span class='ocrx_word' id='word_1_213' title='bbox 126 3857 276 3930; x_wconf 90' lang='lat' dir='ltr'>eosdem</span> <span class='ocrx_word' id='word_1_214' title='bbox 287 3857 388 3931; x_wconf 90' lang='lat' dir='ltr'>domi</span> <span class='ocrx_word' id='word_1_215' title='bbox 404 3860 568 3931; x_wconf 91' lang='lat' dir='ltr'>invenies</span> <span class='ocrx_word' id='word_1_216' title='bbox 585 3858 755 3932; x_wconf 91' lang='lat' dir='ltr'>eamdem</span> <span class='ocrx_word' id='word_1_217' title='bbox 768 3879 917 3950; x_wconf 90' lang='lat' dir='ltr'>quoque</span> <span class='ocrx_word' id='word_1_218' title='bbox 933 3857 1048 3928; x_wconf 90' lang='lat' dir='ltr'>animi</span> <span class='ocrx_word' id='word_1_219' title='bbox 1063 3865 1243 3927; x_wconf 71' lang='lat' dir='ltr'>constan-</span> 
     </span>
     <span class='ocr_line' id='line_1_32' title="bbox 127 3972 1233 4073; baseline -0.002 -29"><span class='ocrx_word' id='word_1_220' title='bbox 127 3973 222 4044; x_wconf 90' lang='lat' dir='ltr'>tiam</span> <span class='ocrx_word' id='word_1_221' title='bbox 236 3994 279 4045; x_wconf 90' lang='lat' dir='ltr'>ac</span> <span class='ocrx_word' id='word_1_222' title='bbox 294 3974 450 4047; x_wconf 83' lang='lat' dir='ltr'>vestitus</span> <span class='ocrx_word' id='word_1_223' title='bbox 463 3975 521 4073; x_wconf 93' lang='lat' dir='ltr'>(nt</span> <span class='ocrx_word' id='word_1_224' title='bbox 535 3974 587 4046; x_wconf 91' lang='lat' dir='ltr'>ita</span> <span class='ocrx_word' id='word_1_225' title='bbox 604 3972 754 4071; x_wconf 90' lang='lat' dir='ltr'>loquar)</span> <span class='ocrx_word' id='word_1_226' title='bbox 770 3984 988 4066; x_wconf 89' lang='lat' dir='ltr'>apparatum</span> <span class='ocrx_word' id='word_1_227' title='bbox 1003 3981 1233 4056; x_wconf 88' lang='lat' dir='ltr'>exercentes,</span> 
     </span>
    </p>
   </div>
   <div class='ocr_carea' id='block_1_8' title="bbox 126 4088 1245 4311">
    <p class='ocr_par' dir='ltr' id='par_1_9' title="bbox 126 4088 1245 4311">
     <span class='ocr_line' id='line_1_33' title="bbox 126 4088 1245 4183; baseline 0.002 -25"><span class='ocrx_word' id='word_1_228' title='bbox 126 4088 264 4180; x_wconf 88' lang='lat' dir='ltr'>quibus</span> <span class='ocrx_word' id='word_1_229' title='bbox 280 4089 320 4161; x_wconf 93' lang='lat' dir='ltr'>in</span> <span class='ocrx_word' id='word_1_230' title='bbox 337 4091 506 4182; x_wconf 80' lang='lat' dir='ltr'>publico,</span> <span class='ocrx_word' id='word_1_231' title='bbox 528 4091 676 4183; x_wconf 89' lang='lat' dir='ltr'>qnando</span> <span class='ocrx_word' id='word_1_232' title='bbox 699 4092 952 4182; x_wconf 88' lang='lat' dir='ltr'>spectaculum</span> <span class='ocrx_word' id='word_1_233' title='bbox 969 4089 1132 4172; x_wconf 90' lang='lat' dir='ltr'>daretur,</span> <span class='ocrx_word' id='word_1_234' title='bbox 1151 4106 1245 4160; x_wconf 83' lang='lat' dir='ltr'>suas</span> 
     </span>
     <span class='ocr_line' id='line_1_34' title="bbox 127 4203 1227 4311; baseline 0.001 -38"><span class='ocrx_word' id='word_1_235' title='bbox 127 4213 252 4311; x_wconf 86' lang='lat' dir='ltr'>partes</span> <span class='ocrx_word' id='word_1_236' title='bbox 271 4206 408 4279; x_wconf 87' lang='lat' dir='ltr'>lautius</span> <span class='ocrx_word' id='word_1_237' title='bbox 424 4217 585 4296; x_wconf 84' lang='lat' dir='ltr'>agerent.</span> <span class='ocrx_word' id='word_1_238' title='bbox 598 4205 778 4293; x_wconf 88' lang='lat' dir='ltr'>—Quare</span> <span class='ocrx_word' id='word_1_239' title='bbox 801 4208 938 4278; x_wconf 85' lang='lat' dir='ltr'>frustra</span> <span class='ocrx_word' id='word_1_240' title='bbox 956 4205 1046 4276; x_wconf 91' lang='lat' dir='ltr'>alias</span> <span class='ocrx_word' id='word_1_241' title='bbox 1063 4206 1156 4282; x_wconf 85' lang='lat' dir='ltr'>ullas</span> <span class='ocrx_word' id='word_1_242' title='bbox 1172 4203 1227 4284; x_wconf 66' lang='lat' dir='ltr'>do,</span> 
     </span>
    </p>
   </div>
   <div class='ocr_carea' id='block_1_9' title="bbox 0 0 1496 4750">
    <p class='ocr_par' dir='ltr' id='par_1_10' title="bbox 0 0 1496 4750">
     <span class='ocr_line' id='line_1_35' title="bbox 0 0 1496 4750; baseline 0 2"><span class='ocrx_word' id='word_1_243' title='bbox 0 0 1496 4750; x_wconf 95' lang='lat' dir='ltr'> </span> 
     </span>
    </p>
   </div>
  </div>
 </body>
</html>
