2984 4750
698 223 889 293 ..52..

240 404 402 485 matque.
436 392 573 462 «Nulla
591 391 711 475 enlm,
737 390 928 474 exclamat,
956 393 1061 463 nobis
1084 395 1238 466 societas
1261 417 1350 468 cum

240 542 253 573 a
279 509 460 601 tyrannis,
481 509 544 579 sed
562 508 685 599 potius
701 526 846 578 summa
859 507 1049 580 distractio
1061 517 1139 591 est;
1158 530 1279 602 neque
1292 527 1350 585 est

242 659 254 689 »
278 635 409 697 eontra
423 634 594 694 naturam
608 622 766 714 spoliare
785 641 890 704 eum,
910 622 941 692 si
953 624 1082 712 possis,
1094 644 1205 715 quem
1219 628 1349 698 bones-

242 774 254 804 »
280 752 361 813 tum
380 749 436 812 est
462 760 593 811 necare
614 762 623 809 :
654 748 765 829 atque
786 737 856 807 boc
873 756 982 807 omne
1000 758 1114 826 genus
1131 742 1348 830 pestiferum

242 888 254 920 2
279 865 391 948 atque
416 856 575 945 impium
597 874 639 926 ex
668 855 862 925 bominum
889 855 1154 926 communitate
1172 860 1349 928 extermi-

242 1002 255 1035 ι
280 973 447 1061 nandum
461 967 615 1067 est(lll,
635 973 715 1062 ⁶)·²
737 969 936 1058 Quomque
950 969 1142 1041 interitum
1162 972 1285 1060 legum
1305 994 1347 1044 ae

240 1088 422 1159 libertatis
442 1085 680 1157 acerbissimo
697 1105 784 1156 cum
806 1086 931 1157 dolore
947 1085 1133 1157 interdum
1154 1089 1344 1178 queritur,

240 1225 326 1276 euru
350 1204 396 1273 ad
421 1201 644 1292 Philippicas
663 1202 849 1272 orationes
865 1201 941 1291 jam
960 1202 1163 1291 praeludere
1180 1203 1315 1275 dixeris
1335 1232 1341 1267 :

239 1323 330 1393 adeo
356 1320 444 1391 totis
463 1319 684 1409 eloquentiae
708 1337 784 1389 suae
808 1317 969 1401 viribus,
992 1337 1074 1388 earn
1097 1318 1224 1407 patriae
1250 1321 1347 1391 cari-

239 1446 374 1520 tatem,
390 1452 601 1525 supremam
618 1433 792 1504 virtutem
806 1432 1074 1516 Romanorum,
1085 1432 1163 1523 jam
1178 1443 1217 1504 et
1228 1434 1347 1525 ipsam

240 1554 497 1642 languentem,
515 1549 553 1619 iu
574 1548 711 1619 civium
729 1548 862 1618 animis
874 1549 1037 1619 relevere
1052 1551 1221 1620 conatur!

218 1698 221 1705 >
289 1667 371 1758 lpse
390 1684 522 1755 nempe
539 1674 576 1734 et
595 1664 749 1734 ultimus
766 1663 1016 1734 Romanorum
1034 1665 1127 1733 alter
1142 1660 1214 1735 dici
1228 1667 1349 1755 potuit

240 1782 380 1854 Cicero.
406 1780 504 1867 Quid
526 1779 626 1849 enim
654 1779 691 1848 iu
720 1779 861 1867 agendo
883 1778 1121 1849 scribendove
1146 1780 1246 1851 aliud
1275 1782 1346 1851 sibi

240 1913 425 1987 nuquam,
452 1914 564 1985 qnam
590 1912 672 1964 eam
701 1893 826 1965 Romae
857 1914 932 1964 suae
960 1895 1106 1965 laudem
1132 1896 1347 1985 proposuit?

240 2011 392 2102 Semper
405 2030 487 2080 eam
508 2018 661 2100 spectat,
673 2018 826 2099 totoque
839 2010 964 2081 auimo
976 2011 1255 2101 complectitur;
1272 2011 1347 2082 sive

239 2129 439 2222 perlectam
457 2126 615 2197 civitatis
645 2126 863 2215 imaginem,
885 2125 930 2195 ad
951 2126 1113 2197 Platonis
1138 2128 1343 2216 exemplar,

238 2242 461 2314 adumbrare
477 2242 581 2325 velit3
601 2261 666 2313 seu
680 2241 847 2310 divinum
865 2239 1049 2330 quoddam
1067 2240 1190 2328 legum
1212 2259 1347 2330 corpus

239 2359 448 2441 absolvere,
466 2377 547 2428 mox
565 2379 586 2426 a
604 2354 791 2447 proposito
804 2356 850 2426 ad
868 2357 1150 2447 contemplanda
1162 2357 1345 2447 maj0rum

238 2472 408 2544 instituta
420 2472 664 2542 admiratione
676 2472 981 2553 retrahitur;oeo
992 2472 1195 2562 quidquam
1205 2473 1282 2562 jam
1292 2493 1349 2543 ve·

238 2589 379 2664 teribus
393 2587 466 2659 illis
485 2586 672 2677 sacrisque
689 2585 769 2656 llll.
793 2586 950 2675 Legibus
967 2589 1346 2678 praestantlusapponi

238 2706 434 2778 existimat.
442 2703 593 2790 -Quod
606 2703 637 2773 si
649 2702 809 2793 denique
818 2703 857 2772 in
874 2704 1226 2776 tractandiscaeteris
1235 2706 1348 2775 rebus

238 2821 428 2891 interdum
443 2819 640 2890 fluctuasse
658 2819 816 2901 videtur,
833 2819 870 2888 in
888 2839 1033 2890 cavero
1050 2821 1177 2910 patriae
1195 2822 1348 2891 caritate

238 2935 371 3007 infixus
382 2935 429 3006 ad
438 2944 645 3007 extremum
657 2935 861 3025 permansit
878 2955 1057 3026 :eumque
1071 2935 1248 3018 videmus,
1261 2956 1346 3006 cum

236 3054 314 3144 jam
343 3072 386 3123 ex
416 3053 695 3123 interfectorum
723 3050 896 3121 manibus
924 3051 1114 3134 evasisset,
1142 3060 1265 3121 tamen
1288 3072 1348 3121 re-

239 3169 368 3253 diisse,
388 3168 427 3237 in
441 3168 558 3258 patria
572 3170 701 3238 saltem
718 3186 814 3257 saepe
827 3175 969 3237 servata
986 3167 1220 3237 moriturum.

290 3282 360 3354 Sed
374 3302 462 3353 eum
478 3292 655 3371 praeterea
673 3281 801 3371 patriae
818 3299 1004 3364 amorem,
1026 3284 1091 3372 qui
1108 3281 1295 3372 quondam
1308 3283 1347 3352 in

240 3395 515 3488 augustioribus
525 3395 635 3465 unius
652 3395 755 3466 urbis
772 3396 907 3467 linibus
919 3396 1198 3480 continebatur,
1210 3387 1257 3467 a'd
1269 3416 1350 3467 ma·

237 3515 299 3604 jus
313 3510 453 3601 aliquid
465 3509 543 3600 jam
560 3509 827 3600 excelsiusque,
838 3530 912 3600 quo
930 3510 1047 3598 magis
1063 3511 1350 3601 creveritimpe-

241 3629 360 3709 rium,
389 3625 553 3697 converti
576 3626 712 3696 sensim
733 3645 776 3695 ac
800 3624 947 3694 dilatari
967 3625 1007 3694 in
1031 3624 1219 3697 Ciceronis
1245 3626 1350 3697 libris

242 3743 376 3813 videas.
402 3740 646 3811 iamdudum
670 3740 771 3810 enim
797 3738 913 3810 Roma
937 3739 1029 3811 Latii
1051 3741 1247 3825 terminos,
1271 3742 1350 3833 jam

243 3858 594 3939 ltaliaeexcesserat3
611 3857 690 3945 J‘am
701 3856 887 3925 civitatem
899 3854 945 3924 ad
958 3866 1140 3928 extremos
1150 3856 1250 3928 orbis
1258 3857 1351 3929 lines

242 3972 500 4063 prolataverat,
515 3970 750 4059 infusamque
765 3969 880 4039 ferme
890 3988 1040 4041 omnem
1049 3970 1351 4061 peregrinitatem

243 4090 283 4158 in
293 4087 378 4176 jura
391 4105 457 4157 sna
473 4094 665 4176 exceperat
684 4108 693 4154 ε
715 4084 802 4154 inde
820 4103 949 4155 rursus
966 4104 1115 4157 necesse
1132 4095 1232 4171 erat,
1252 4095 1294 4158 ut
1307 4106 1351 4158 ea

244 4200 407 4273 caritatis
425 4198 580 4270 societas
603 4200 727 4289 plures
749 4199 917 4271 homines
941 4201 1142 4289 gradatim,
1167 4222 1210 4275 ac
1229 4212 1351 4274 totum
