2984 4750
691 230 883 301 ..ffi-

233 401 418 473 ranarius
442 398 518 493 (l);
540 399 728 469 bominem
755 417 841 468 vero
857 399 1030 485 duplicem
1045 418 1142 481 esse,
1163 419 1283 489 neque
1301 399 1340 469 in

233 517 374 586 ltaliam
391 521 536 585 tantum
553 514 633 603 ejus
649 524 821 583 naturam
834 523 1016 596 constare,
1038 515 1101 584 sed
1113 515 1227 585 etiam
1239 517 1277 585 in
1294 516 1341 585 iis

232 647 380 721 quoque
397 628 513 698 animi
528 632 563 699 A
567 625 738 717 luctibus,
768 647 860 718 quos
879 629 1015 699 frustra
1035 630 1213 700 radicitus
1237 631 1340 720 quis-

231 763 345 836 quam
370 744 527 813 evellere
547 742 647 811 velit.
677 742 776 812 Duas
792 741 907 829 igitur
926 744 1081 813 virtutes
1098 740 1177 814 esse
1191 746 1338 824 statuit,

231 857 542 947 Contemplatiocm
553 854 939 952 (tropaeamalteram,
949 857 1287 948 rigidamque,quae
1296 859 1341 927 ad

232 974 344 1044 unius
361 972 527 1043 Rationis
545 990 713 1042 normam
730 971 1012 1055 informabatur,
1031 982 1069 1042 et
1091 960 1342 1061 supernatura·

229 1089 278 1159 lir
296 1106 445 1179 quoque
466 1086 563 1185 (ὑπὲρ
584 1095 666 1183 φύσιν
690 1085 764 1183 ζῇν)
786 1086 1000 1170 dicebatur,
1023 1097 1201 1177 tanquam
1223 1106 1342 1158 excos-

232 1205 340 1276 sisset
356 1203 583 1284 humanum,
606 1211 644 1271 et
660 1202 827 1291 proxima
843 1202 922 1271 Diis
942 1211 1060 1273 esset:
1086 1203 1240 1274 alteram
1255 1222 1341 1273 vero

232 1319 397 1390 Actiuam
410 1314 612 1414 (πρακτικὴν),
625 1336 707 1407 quar
721 1316 814 1386 nihil
828 1317 927 1406 quod
941 1317 1339 1389 hominisessetexclu·

232 1432 385 1504 debatet
394 1432 510 1521 magis
519 1432 565 1501 ad
574 1432 788 1523 popularem
799 1451 905 1502 usum
915 1433 1262 1503 accommodabatur
1273 1429 1337 1528 (2).

232 1549 330 1618 -Ex
346 1547 485 1638 duplici
501 1567 543 1617 ea
560 1548 708 1618 virtutis
728 1557 861 1618 natura
879 1547 1013 1636 duplex
1029 1567 1176 1638 quoque
1190 1547 1340 1618 Officio-

232 1681 317 1735 rum
344 1682 459 1752 genus
485 1662 654 1745 deduxit,
687 1680 806 1731 unum
831 1661 983 1751 quidem
1006 1665 1206 1758 doypamb,
1241 1662 1340 1751 quod

233 1778 440 1869 pertinebat
466 1778 511 1847 ad
538 1777 651 1847 linem
676 1776 878 1859 bonorum,
898 1777 936 1846 id
957 1786 1012 1848 est
1037 1778 1083 1847 ad
1107 1776 1340 1849 constitutio—

232 1912 317 1963 nem
344 1891 482 1962 summi
504 1891 612 1975 boni,
631 1901 668 1961 ot
687 1900 808 1961 totum
824 1891 865 1959 in
890 1891 1201 1983 disputationibus
1218 1910 1339 1961 versa-

231 2007 364 2080 batur:
386 2008 543 2078 alterum
562 2025 648 2077 vero
669 2016 891 2102 παραινετικὸν,
909 2026 994 2104 quo⁸
1007 2017 1128 2107 μερίκως
1153 2007 1340 2078 describe-

230 2123 313 2210 bat,
328 2144 411 2215 quoe
434 2123 609 2213 sapientis
632 2124 672 2192 in
693 2122 797 2192 omni
814 2122 1026 2193 conditione
1045 2123 1190 2211 singula
1212 2122 1339 2193 munia

230 2247 364 2309 essent.
907 2310 910 2315 4

280 2350 359 2420 Non
376 2350 475 2440 quod
492 2359 617 2420 tamen
636 2368 719 2420 eam
737 2351 924 2439 geminam
939 2351 1086 2424 virtutis
1102 2351 1175 2422 vim
1188 2351 1227 2421 in
1242 2351 1337 2443 prio

230 2485 315 2535 rum
334 2465 534 2536 stoicorum
556 2465 702 2553 scriptis
725 2466 884 2536 inveniri
908 2487 1013 2557 posse
1035 2461 1178 2556 negent.
1195 2467 1338 2556 Quippe

229 2580 316 2671 qui,
342 2600 427 2650 cum
453 2578 708 2650 sublimiorem
734 2582 952 2671 sapientiam
972 2582 1009 2652 in
1029 2582 1338 2673 disputationibus

230 2703 480 2776 exornassem,
498 2714 580 2763 eam
593 2696 747 2766 omnino
766 2696 930 2766 sterilem
948 2698 1025 2769 iore
1041 2706 1249 2780 senserunt,
1268 2696 1338 2765 nisi

231 2810 408 2881 humilior
426 2810 595 2898 quaedam
615 2811 685 2880 alia
712 2812 897 2896 subesset,
923 2812 969 2883 ad
993 2831 1228 2883 communem
1252 2828 1337 2897 cap-

231 2934 311 2996 tum
339 2935 519 2995 revocata.
553 2925 623 2995 Sed
652 2925 872 2998 distractum
902 2939 1102 3017 utrumque
1131 2924 1337 2995 officiorum

229 3061 364 3132 genus,
387 3041 607 3112 certioribus
626 3042 796 3112 terminis
811 3044 953 3132 primus
966 3041 1256 3131 circumscripsit
1268 3040 1337 3108 Pa-

231 3157 383 3239 naetius;
404 3166 534 3246 atque,
554 3157 690 3226 omisso
718 3159 852 3240 altero,
875 3158 973 3252 quod
993 3159 1037 3226 ad
1056 3176 1245 3228 summum
1271 3155 1337 3225 bo

231 3290 321 3342 num
338 3253 520 3360 pertinet,
545 3269 662 3340 fusius
678 3270 723 3340 do
746 3271 863 3341 altero
880 3271 944 3340 illo
963 3290 1114 3360 genere,
1131 3270 1230 3360 quod
1259 3288 1336 3337 me-

230 3385 334 3455 dium
353 3383 503 3465 dicitur,
527 3383 711 3455 disseruit.
741 3385 839 3454 inira
865 3386 978 3473 igitur
1003 3385 1097 3455 illud
1121 3384 1334 3462 honestum,

230 3520 273 3569 ex
288 3498 462 3569 omnibus
479 3500 645 3570 numeris
661 3499 889 3584 absolutum,
909 3502 1009 3592 quod
1027 3501 1176 3591 proprie
1197 3500 1336 3569 Rectum

231 3613 366 3685 dicitnr
386 3613 626 3715 (κατόρθωμα),
651 3616 893 3700 mediocrem,
919 3617 1163 3706 inhospitum
1184 3633 1336 3684 suorum

231 3748 359 3812 usum,
376 3728 522 3798 virtutis
534 3730 808 3802 institutionem
820 3752 863 3800 ex
875 3731 978 3802 omni
992 3743 1097 3821 parte
1109 3729 1334 3819 composuit;

226 3843 304 3933 jam
320 3861 363 3912 ea
377 3845 589 3913 communia
606 3854 644 3914 et
659 3845 731 3916 late
750 3847 913 3935 patentia
930 3847 1050 3918 officia
1064 3844 1279 3933 singillatim
1297 3842 1337 3911 iu

261 4125 294 4186 (l)
311 4127 434 4178 Παναίτιος
444 4126 471 4171 τὸ
481 4124 524 4185 ζῇν
534 4125 596 4172 κατὰ
603 4125 644 4179 τὰς
653 4124 780 4187 διδομένας
787 4128 845 4189 ἡμῖν
856 4127 883 4173 ἐκ
894 4126 988 4188 φύσεως
996 4126 1104 4190 ἀφορμὰς
1112 4123 1181 4179 τέλος
1189 4126 1337 4187 intepuere.

230 4202 309 4253 Clam.
321 4202 391 4253 lllax.
400 4204 489 4253 strom.
501 4204 714 4266 11,ρ.116.-11)
727 4204 794 4265 lliog.
810 4205 890 4253 baert.
901 4204 956 4264 vlt,
966 4216 990 4265 p.
1003 4206 1041 4252 92.
1347 4197 1350 4202 ’
