2984 4750
683 207 877 282 ηε...

229 383 348 458 terea,
388 375 488 466 quod
510 395 606 447 unus
629 375 785 449 rationis
809 384 866 449 est
889 373 1093 468 particeps,
1108 372 1336 472 eainsuper.

229 508 313 580 quae
331 510 419 562 cum
438 490 514 564 Deo
529 509 750 581 summoque
767 489 867 562 bono
890 492 1089 581 conjuncta
1105 503 1212 576 suut,
1238 512 1342 583 pers*

230 606 378 696 picere,
400 626 521 696 neque
546 605 582 675 id
609 614 755 676 tantum
784 604 883 696 quod
900 607 1015 691 adest,
1035 607 1100 679 sed
1121 607 1236 682 totius
1258 608 1341 677 vitae

229 738 381 792 cursum
399 721 524 790 animo
542 720 758 810 complecti,
778 720 830 792 ita
851 731 891 789 ut
907 720 953 791 ad
969 740 1052 791 eam
1072 731 1187 796 totam
1204 722 1342 810 degen-

228 833 314 902 dam
332 834 557 905 necessarias
571 853 659 924 opes
686 854 908 923 comparare,
925 836 1063 926 possit:
1083 856 1243 927 cumque
1261 836 1342 913 bel-

227 947 290 1017 lua
316 967 412 1021 caeco
437 949 558 1019 solum
584 968 713 1020 sensus
743 949 886 1040 impetu
909 958 1121 1033 moveatur,
1151 951 1340 1030 hominem

227 1082 314 1137 vero
340 1063 483 1137 homini
504 1064 631 1138 eadem
650 1064 685 1134 vi
709 1065 867 1138 rationis
889 1065 1096 1147 conciliari,
1129 1084 1205 1140 non
1229 1065 1341 1142 ruodo

227 1179 274 1251 ad
287 1178 458 1251 srahflem
474 1179 638 1270 conjugii
665 1179 873 1270 domusque
891 1179 1083 1251 sedetiam
1107 1179 1264 1256 civitatis
1280 1200 1341 1259 so-
1374 1180 1376 1183 ’

228 1294 398 1367 rietatem
426 1316 435 1364 ε
462 1314 549 1367 eum
587 1294 746 1384 denique
785 1293 911 1366 ideoa
939 1302 1071 1364 natura
1100 1294 1340 1374 informatum

225 1428 323 1492 esse,
339 1416 381 1480 ut
399 1408 489 1499 quid
508 1428 636 1480 verum
655 1407 724 1491 sit,
745 1408 835 1499 quid
850 1407 961 1492 ordo,
976 1407 1065 1498 quid
1082 1408 1230 1491 deceat,
1250 1409 1341 1499 quid

226 1542 315 1606 noa,
331 1523 467 1594 sentiat
479 1525 811 1614 anrplectaturque,
829 1522 1086 1616 justitiamque
1096 1532 1338 1611 meatuum-

227 1636 393 1726 miuiqae
411 1657 561 1728 perere,
579 1637 657 1711 nisi
670 1637 833 1726 legitime
848 1638 1068 1728 imperanti,
1086 1638 1175 1708 velit
1186 1638 1217 1727 (l
1233 1690 1243 1721 ,
1259 1636 1312 1734 it).

274 1754 417 1842 Quibus
429 1776 472 1825 ex
487 1755 640 1829 diversis
655 1756 772 1826 animi
789 1756 1009 1833 momentis,
1026 1754 1161 1846 quihus
1173 1757 1339 1833 ,numana

226 1878 357 1937 natura
373 1869 607 1952 continetur,
632 1868 777 1956 singula
795 1869 878 1937 vitae
895 1869 1015 1939 officia
1036 1870 1167 1940 Noster
1183 1871 1334 1946 derivat.

161 1971 163 1975 ’
226 1982 284 2055 Sic
300 1982 434 2052 intimo
449 1982 609 2056 hominis
626 1982 665 2052 in
685 1992 833 2071 pectore
844 2036 853 2063 ,
864 1992 911 2058 ‚ut
923 1982 974 2052 ita
988 1983 1122 2067 dicam,
1137 1993 1337 2063 scrutatur,

225 2098 314 2187 quid
340 2098 417 2186 ipse
440 2097 540 2170 Deus
567 2098 701 2188 cuique
722 2097 955 2189 preceperit,
986 2117 1172 2191 quartique
1188 2098 1340 2187 ‚propria

227 2231 340 2283 manu
359 2211 479 2298 legem
496 2222 672 2285 aeternam
692 2213 795 2282 intus
814 2211 1060 2301 descripserit.

747 2594 821 2663 Ν.

258 2797 376 2847 Virtutis
393 2800 423 2845 in
434 2798 571 2859 penei-uici
585 2809 648 2845 suni
658 2803 747 2858 partes
761 2774 911 2858 descriptio.
925 2824 952 2831 -
963 2798 1104 2847 Prudentia.
1118 2824 1148 2833 -
1157 2798 1265 2848 iustitia.
1276 2825 1303 2833 —

595 2877 729 2925 Fortitudo.
740 2903 771 2913 -
779 2877 959 2938 Temperantia.

708 3052 806 3097 i'irtudi
821 3059 882 3096 recte
891 3062 974 3106 sapere
982 3056 1052 3092 estet
1060 3050 1201 3105 principium
1211 3056 1235 3093 et
1245 3049 1307 3100 ions,

706 3124 762 3166 Rern
773 3123 813 3167 tibi
825 3122 949 3170 Socraticas
960 3126 1069 3176 potarunt
1080 3122 1207 3165 ostendere
1219 3120 1312 3164 charte.

1032 3200 1107 3253 Hor„
1122 3202 1164 3243 Ars
1175 3212 1208 3255 p.,
1224 3203 1271 3245 toa

275 3395 474 3490 Postquam
492 3398 545 3469 sic
556 3406 749 3479 naturam,
764 3397 907 3467 ratione
922 3395 1116 3483 magistra,
1134 3395 1268 3465 ducem
1284 3414 1339 3463 se·

227 3515 414 3605 quendam
443 3532 522 3583 esse
545 3511 668 3601 posuit
691 3510 844 3594 Cicero,
879 3512 991 3601 idque
1016 3529 1096 3581 esse
1127 3528 1338 3599 supremam
1356 3507 1365 3522 “’

224 3630 369 3699 vivendi
394 3629 513 3715 legem
534 3627 728 3716 omnisque
746 3625 892 3697 honesti
908 3626 1069 3711 fontem3
1087 3624 1166 3714 jam
1193 3623 1232 3692 in
1254 3643 1339 3693 suus

224 3751 346 3833 partes
366 3741 457 3810 illud
471 3740 694 3821 honestum,
714 3740 812 3809 unde
839 3746 916 3809 tota
935 3737 1010 3806 vita
1026 3736 1227 3823 dirigatur,
1248 3755 1339 3805 con-

224 3858 329 3927 tinuo
347 3855 555 3924 describere
574 3853 787 3941 aggreditur
805 3876 813 3922 :
830 3852 948 3940 Atque
963 3851 1002 3919 in
1014 3849 1144 3920 ordine
1153 3859 1335 3928 recenset,

224 3991 307 4062 quae
327 3970 481 4059 singulis
498 3991 540 4039 ex
557 3969 615 4047 his
640 3967 788 4038 virtutis
813 3964 980 4057 partibus
1004 3972 1106 4035 certa
1138 3971 1338 4033 nascuntur

225 4085 431 4156 officiorum
454 4104 600 4174 genera.

272 4200 352 4285 Qua
359 4201 399 4269 in
410 4200 622 4290 partitione,
636 4181 799 4268 veterem
813 4194 1088 4266 Socraticorum
1106 4192 1336 4277 divisionem,
