2984 4750
714 211 898 283 ..gg-

300 363 400 450 Quos
413 362 511 433 inter
528 361 690 432 medium
705 371 825 432 servat
852 359 999 444 Cicero;
1014 362 1225 451 bonumque
1240 361 1363 431 virum

251 478 422 569 ingenuis
452 476 593 547 artibus
625 476 833 566 litterisque
862 476 913 546 ita
945 476 1136 564 indulgere
1161 476 1293 566 jubet,
1322 484 1363 545 ut

252 613 443 685 nunquam
464 603 587 663 tamen
607 592 763 662 studioa
780 592 890 663 rebus
907 592 1089 681 gerendis,
1110 590 1361 681 augendisque

252 708 446 779 bominum
462 707 683 777 utilitatibus
697 716 890 778 avocetur:
903 725 970 776 nec
985 706 1147 779 Platonis
1159 705 1362 795 sapientem

253 821 402 911 probat,
426 822 551 911 procul
575 842 595 890 a
613 821 852 911 popularibus
871 820 1010 905 turbis,
1030 821 1146 891 otiose
1169 820 1364 910 quiescen-

252 945 339 1006 tem.
369 935 492 1023 «Quis
517 946 571 1005 est
592 948 663 1006 tarn
681 936 857 1025 cupidus,
881 937 1003 1026 inquit
1022 989 1031 1018 ,
1052 936 1091 1005 in
1111 932 1365 1025 perspicienda

255 1053 771 1141 »cognoscendaque'rerum
799 1062 947 1136 natura,
979 1060 1020 1121 ut
1046 1051 1079 1120 si
1105 1050 1139 1120 ei
1168 1050 1361 1129 tractanti,

256 1198 268 1228 »
295 1167 637 1257 contemplantique
659 1186 718 1237 res
743 1167 952 1254 cognitione
976 1166 1221 1255 dignissimas,
1241 1165 1366 1235 subito

256 1313 268 1344 ν
293 1284 342 1354 sit
374 1286 526 1379 allatum
557 1284 786 1374 periculum,
813 1284 1086 1373 discrimenque
1118 1283 1270 1371 potriae,
1303 1282 1365 1351 cui

254 1430 267 1461 s
295 1398 490 1469 subvenire
506 1401 640 1489 possit,
658 1419 731 1469 nou
746 1400 809 1468 illa
828 1399 951 1469 omnia
966 1399 1156 1489 delinquat
1173 1407 1286 1487 atque
1303 1398 1366 1466 ab·
1428 1426 1431 1429 ·

256 1550 269 1581 t
290 1519 408 1609 J'iciat,
428 1521 574 1591 etiamsi
589 1521 824 1590 dinumerare
835 1540 873 1590 se
889 1521 1012 1590 stellas
1022 1529 1086 1588 aut
1095 1500 1219 1587 metiri
1235 1517 1367 1587 mundi

255 1664 268 1696 a
295 1635 589 1722 magnitudinem
618 1635 819 1732 arbitretur
840 1632 925 1731 (Oli.
946 1633 974 1719 l,
991 1632 1063 1728 b3)2
1089 1663 1101 1694 »
1124 1634 1166 1702 lu
1182 1634 1252 1702 hoc
1271 1652 1368 1722 prae-

255 1750 383 1819 sertim
413 1750 541 1821 Cicero
567 1750 650 1819 ideo
673 1751 819 1820 videtur
840 1750 1038 1831 institisse,
1064 1750 1149 1839 quia
1176 1748 1367 1837 Peripate-

255 1864 355 1946 ticis,
376 1865 472 1953 apud
490 1884 583 1953 quos
597 1865 694 1935 filius
707 1875 788 1933 tum
807 1863 956 1934 Athenis
975 1863 1260 1946 instituebatur,
1285 1880 1366 1930 ma-

254 1978 351 2047 xime
365 1979 532 2068 placebat
545 1999 588 2049 ea
608 1979 689 2048 vitae
702 1979 876 2065 degendae
891 1979 985 2048 ratio
1002 1979 1149 2069 quieta,
1175 1978 1214 2049 in
1237 1995 1365 2045 rerum

255 2095 564 2183 contemplatione
596 2095 723 2183 posita.
759 2094 922 2164 Marcum
946 2102 1069 2164 autem
1099 2111 1209 2163 suum
1235 2091 1281 2159 ad
1309 2091 1367 2158 l-

254 2227 421 2293 rensem,
438 2229 556 2298 neque
575 2209 622 2279 ad
635 2210 744 2279 istum
759 2208 994 2278 umbratilem
1011 2207 1119 2276 vitam
1138 2204 1363 2283 destinabat;

256 2343 376 2413 neque
397 2324 474 2413 ipse
496 2325 598 2414 prius
616 2326 655 2393 in
679 2325 811 2395 studiis
838 2323 1042 2414 acquievit,
1062 2341 1174 2413 quam
1191 2319 1367 2391 omuibus

256 2439 394 2508 muniis
415 2440 610 2509 defunctus
627 2449 747 2523 esset3
769 2440 831 2509 sed
857 2449 894 2509 et
921 2440 986 2509 has
1004 2448 1100 2509 artos
1119 2447 1201 2507 tum
1218 2435 1366 2526 potissi·

256 2573 359 2624 mum
374 2556 536 2638 colebat,
554 2557 650 2626 unde
669 2556 808 2646 aliquid
829 2556 873 2625 ad
892 2574 1000 2627 usum
1013 2564 1051 2624 et
1066 2535 1309 2641 vitaeagendae
1325 2562 1366 2621 et

255 2669 424 2757 gerendae
441 2671 540 2760 Reip.
563 2680 684 2759 posset
695 2671 880 2741 adhibere.
903 2669 1057 2740 Virtutis
1069 2688 1201 2758 nempe
1214 2667 1364 2739 laudem

254 2800 406 2851 ornnem
416 2784 621 2873 ponebatiu
631 2784 784 2865 celicum
799 2783 1090 2873 sapientiamque
1103 2802 1184 2853 eam
1196 2800 1363 2850 ruancaut

257 2896 528 2987 quodammodo
561 2907 597 2969 et
625 2899 833 2969 inchoatam
863 2899 1070 2989 rejiciebat,
1101 2917 1214 2986 quam
1241 2896 1368 2966 nullus

257 3030 384 3082 rerum
408 3033 495 3083 usus
524 3024 814 3105 consequeretur
846 3014 891 3106 (l,
915 3012 967 3108 6).
1042 3013 1170 3082 Postea
1192 3012 1363 3110 quidem,

256 3145 343 3198 curn
350 3128 427 3216 jam
441 3129 574 3198 amissa
591 3129 760 3198 libertate
770 3129 867 3198 cives
882 3149 903 3196 a
919 3129 997 3198 loro
1012 3128 1241 3217 publicisque
1254 3127 1367 3197 rebus

257 3242 564 3325 excludebantur,
577 3253 666 3313 tunc
679 3243 803 3333 siquis
817 3244 872 3312 vir
890 3243 1008 3313 bonus
1021 3244 1117 3313 intra
1130 3243 1366 3313 conscientiae

255 3375 334 3425 suae
349 3376 533 3427 recessum
552 3358 783 3446 confugeret,
804 3368 914 3449 atque
929 3359 968 3428 in
981 3358 1098 3429 otiosa
1107 3358 1289 3428 librorum
1304 3378 1368 3427 ac-

256 3470 464 3561 quiesceret
474 3474 762 3556 conversatione,
775 3474 853 3564 ipsa
863 3484 1072 3563 temporum
1083 3473 1263 3543 acerbitas
1271 3474 1368 3543 banc

257 3586 452 3674 segnitiem
470 3587 666 3670 tolerabat,
686 3598 751 3657 aut
768 3589 889 3679 potius
909 3588 1138 3679 imperabat:
1157 3588 1263 3658 Nunc
1281 3609 1367 3658 vero

257 3709 447 3772 strenuam
470 3702 795 3794 bellatoriamque,
816 3725 898 3795 quae
921 3724 959 3774 se
978 3705 1075 3774 ultro
1101 3704 1258 3773 civitatis
1277 3706 1370 3794 peri-

257 3816 352 3888 culis
362 3815 551 3906 objiceret,
565 3807 752 3901 virtutem,
768 3839 939 3909 suprema
947 3821 1010 3889 illa
1020 3820 1370 3891 romauaelibertatis

259 3931 460 4001 certamina
481 3942 570 4003 tunc
591 3935 748 4003 maxime
772 3934 980 4024 poscebant.
1008 3935 1083 4005 Nec
1109 3935 1186 4024 ipse
1205 3955 1370 4026 uuquam

260 4047 386 4136 patriae
403 4046 530 4117 Cicero
546 4049 661 4118 deluit
675 4049 846 4139 :abjectis
863 4050 991 4140 procul
1003 4050 1307 4141 philosophorum
1321 4050 1370 4118 li-

259 4160 348 4245 bris,
359 4164 547 4253 siquando
562 4164 785 4252 periclitanti
799 4165 901 4254 Reip.
913 4184 1128 4235 succurrere
1141 4174 1367 4257 opporteret.
