2984 4750
600 271 788 342 ,ῃ-

193 438 1252 527 ΠᾸΜΜΨΜΜΜΜΜωΜΜΜΜῂ-

145 553 334 637 formavit,
360 563 402 623 ut
426 558 531 623 suam
554 554 658 644 sequi
687 565 879 637 naturam,
907 553 1252 643 praestantioresque

145 669 260 739 animi
285 670 475 739 facultates
495 669 542 738 ad
565 689 673 739 usum
694 670 855 758 aliquem
877 677 1036 758 nequeat
1059 667 1251 750 adbibere,

145 784 215 851 nisi
247 784 406 873 quadam
439 783 585 853 vivendi
615 784 789 853 societate
815 803 900 854 cum
929 783 1010 852 aliis
1040 782 1253 853 hominibus

145 899 365 987 conJ'unctus
388 898 525 967 fuerit:
547 897 718 987 princeps
739 899 853 985 igitur
878 899 1047 969 omnium
1073 898 1252 967 virtutum

143 1014 289 1082 Jurtitt'u
304 1022 372 1094 est,
392 1033 464 1103 qua
483 1013 604 1083 omnis
629 1013 824 1083 bominum
847 1014 944 1083 inter
963 1014 1061 1102 ipsos
1078 1012 1251 1094 societas,

145 1137 182 1197 ct
199 1127 304 1216 quasi
321 1127 403 1196 vitae
420 1128 668 1197 communitas
685 1129 908 1198 continetur.

195 1242 338 1312 Gradus
354 1251 479 1312 autern
496 1243 620 1332 plures
637 1252 723 1312 sunt
740 1243 925 1313 societatis
942 1243 1149 1315 bominum.
1170 1245 1254 1316 Arc-

72 1436 77 1442 ,
146 1357 220 1425 tior
250 1356 399 1445 quidem
435 1357 610 1447 priorque
650 1357 835 1445 colligatio
874 1359 1061 1427 societatis
1096 1360 1135 1429 in
1174 1360 1254 1450 ipso

145 1468 309 1559 coujupr'o
323 1481 379 1540 est
399 1493 408 1540 t
433 1471 598 1560 proxima
616 1472 653 1539 in
673 1470 809 1553 liberis,
831 1472 917 1560 qui,
938 1492 1024 1541 cum
1040 1473 1255 1544 adolescen-

147 1593 203 1654 tes
221 1604 295 1653 una
316 1584 425 1654 domo
450 1585 526 1673 jam
543 1586 624 1675 capi
643 1605 717 1655 non
742 1597 913 1674 possunt,
935 1587 973 1655 in
994 1587 1083 1657 alias
1101 1588 1252 1672 domos,

148 1717 294 1788 semper
313 1709 437 1769 tamen
455 1699 644 1768 communi
665 1701 763 1769 inter
780 1720 817 1769 se
843 1702 989 1771 vinculo
1015 1703 1253 1792 conjunctas,

148 1823 293 1884 exeunt.
315 1814 528 1904 Sequuntur
543 1816 740 1904 offlrtitutes,
756 1837 799 1886 ex
817 1817 952 1906 quibus
969 1819 1093 1907 plures
1110 1819 1257 1908 propin-

148 1928 225 2018 qui.
245 1928 334 2015 Quae
354 1930 565 2019 propagatio
582 1939 619 2000 et
636 1931 779 2000 soboles
795 1932 1019 2022 principium
1034 1942 1089 2002 est
1107 1935 1205 2003 urbis
1219 1945 1256 2004 et

148 2045 252 2132 origo
279 2045 506 2133 Reipublicae,
534 2065 616 2134 quat
642 2046 812 2116 homines
836 2047 1003 2136 eJusdem
1032 2048 1169 2134 gentis,
1189 2068 1256 2116 na-

149 2156 279 2238 tionis,
300 2158 434 2246 linguae
452 2159 624 2229 societate
651 2161 919 2249 complectitur.
943 2160 1077 2230 Omnia
1096 2160 1255 2250 denique

149 2272 1255 2362 ammmoewmwmmmmmmmmffl

149 2390 281 2458 domus
308 2389 511 2471 consortio,
542 2390 743 2479 maj0ribus
777 2391 882 2480 quasi
911 2390 1063 2461 orbibus
1096 2392 1258 2462 circum-

150 2504 286 2584 ducta,
319 2503 467 2572 tandem
498 2504 543 2572 ad
581 2508 796 2574 'mmensam
824 2506 938 2576 totius
965 2505 1120 2576 bomani
1145 2526 1256 2595 gene·

152 2619 203 2687 ris
225 2618 437 2688 societatem
463 2619 681 2689 extendatur
706 2620 874 2708 quaedam
895 2620 1064 2690 utilitatis
1089 2641 1258 2692 commu—

151 2735 259 2804 mm

202 2853 362 2922 Diversis
380 2872 421 2922 er
444 2852 500 2922 bis
515 2853 699 2923 societatis
718 2855 923 2924 rationibus
945 2856 1070 2925 omnia
1087 2856 1261 2926 oriuntur

154 2969 293 3058 privata
320 2968 539 3058 publicaque
557 2967 714 3039 lustitiae
736 2969 876 3052 officia3
899 2990 998 3059 quae,
1018 2971 1185 3061 quamvis
1201 2969 1262 3039 in-

155 3085 276 3169 finita,
296 3084 336 3154 in
358 3103 441 3154 eam
459 3086 681 3154 sententiam
701 3088 799 3173 cogit
807 3084 951 3163 Cicero,
967 3095 1006 3154 ut
1019 3086 1142 3175 cuique
1158 3103 1261 3152 suum

123 3236 126 3240 ν
154 3183 345 3283 tribuatur,
374 3202 615 3291 communique
651 3200 863 3269 inserviatur
895 3199 1040 3268 utilitati
1052 3229 1061 3282 t
1093 3197 1262 3269 homines

155 3314 254 3384 enim
274 3315 466 3385 hominum
493 3335 602 3384 causa
626 3333 704 3384 esse
723 3323 935 3402 generatos,
956 3324 998 3382 ut
1021 3314 1090 3403 ipsi
1109 3314 1206 3383 inter
1222 3330 1264 3381 se

155 3429 238 3499 aliis
255 3430 317 3498 alii
335 3427 507 3521 prodesse
523 3440 672 3520 possent
693 3429 730 3523 (l
774 3427 832 3526 7).

205 3544 329 3631 Quum
353 3564 439 3614 vero
460 3544 581 3635 operis
604 3544 721 3614 nostri
738 3544 917 3632 angustiis
934 3542 1193 3633 prohibemur,
1214 3564 1260 3614 ne

155 3660 195 3729 in
213 3659 312 3728 varia
329 3679 372 3729 ea
391 3659 597 3731 officiorum
624 3655 885 3748 descriptione,
917 3657 1068 3748 propios
1091 3668 1262 3728 nostrum

157 3774 1263 3868 mmmmmmfflmmmmmmmmmmmm

158 3890 395 3960 manifestum
414 3899 603 3979 appareat,
624 3910 697 3980 quo
724 3909 840 3978 nsque
864 3888 1042 3959 moralem
1058 3886 1263 3957 doctrinam

158 4006 221 4075 ille
245 4005 452 4095 protulerit.
481 4004 578 4091 Quot
604 4005 704 4074 enim
722 4004 829 4074 nobis
846 4023 905 4083 ea,
934 4020 1015 4090 quae
1033 3999 1078 4068 de
1106 4000 1264 4070 lustitiae

160 4119 327 4210 partibus
344 4120 519 4209 disputat,
529 4118 754 4206 legentibus,
774 4117 916 4187 erimiae
930 4114 1121 4184 sententiae
1135 4133 1266 4185 occur-

160 4242 267 4317 runt,
282 4253 371 4333 quoe¹
379 4233 456 4322 jam
476 4233 598 4303 nescio
618 4232 707 4322 quid
721 4230 919 4301 Christiani
937 4228 1103 4300 redolere
1121 4228 1266 4298 videan-
